1627 2679
1217 302 1322 332 folium
1339 301 1453 342 pagins

235 355 266 392 1)
288 365 333 395 ep.
354 354 391 385 ad
412 354 448 390 Q.
469 355 600 385 fratrem.
689 354 727 385 11.
745 355 771 384 1.
783 365 805 385 ι.
823 353 912 390 „Milo
926 352 1031 393 coepit'¹
1047 368 1085 374 —
1100 350 1188 391 „quid

799 412 936 452 cupiant¹⁴
958 412 996 441 H.
1016 411 1078 440 2⁸.

233 493 267 530 2)
289 502 335 532 ep.
356 492 393 523 ad
413 492 449 527 Q.
469 492 600 523 fratrem.
693 491 731 521 11.
757 491 785 521 2.
795 502 818 522 ε.
844 500 960 528 „omnes
986 489 1108 521 vidoni?
1143 506 1183 511 —

718 550 899 590 „superiores
918 549 1028 589 ipsiuffl‘
1050 549 1086 579 H.
1108 548 1170 583 3...

234 627 266 666 3)
287 637 332 668 ep.
353 627 400 660 ad.
421 627 458 663 Q.
478 628 609 658 fratrem.
690 627 728 658 11.
748 627 777 656 3.
789 638 812 656 4.
834 626 943 666 „copiis
964 625 1033 656 sed“
1057 643 1092 648 —

757 686 878 723 „Latiar
898 688 979 716 erat!
1000 687 1040 716 ΙΙ.
1060 685 1088 716 4.
1100 696 1128 716 2.-

236 766 269 802 4)
289 774 337 805 cp.
358 765 395 796 ad
415 765 451 800 Q.
472 765 603 795 fratrom.
691 765 729 794 ΙΙ.
749 765 778 796 4.
789 776 811 795 s.
834 763 1059 803 ῃᾶμφιλαφίαμ
1082 781 1119 786 -

785 824 953 861 „exitui-w
974 823 1013 853 11.
1034 823 1062 854 5.
1073 834 1095 854 ε.

235 912 279 942 ep.
300 902 337 933 ad
359 902 503 933 Atticum.
513 902 534 939 ¹)
692 902 744 932 1v.
765 902 811 931 16.
822 914 844 931 ε.
867 901 969 937 „detur
992 903 1071 931 esse·
1093 917 1132 922 ——

701 960 831 997 „coiace“
848 959 918 996 (hoc
930 960 1021 997 iacet)
1036 959 1088 991 IV.
1110 960 1190 993 17.⁸.
1233 958 1310 988 3219
1364 956 1438 987 1608

183 1121 227 1145 ex
252 1109 309 1144 his
334 1107 439 1143 facile
465 1107 689 1153 intellegitur
713 1119 785 1141 non
812 1106 998 1142 cohaerere
1029 1107 1124 1142 inter
1158 1118 1196 1142 se
1231 1105 1319 1142 folia
1350 1109 1466 1141 trans·

182 1169 302 1215 posita
327 1166 562 1215 epistularum
595 1164 641 1201 ad
666 1165 817 1201 Brutum
843 1168 880 1201 et
909 1164 954 1200 ad
980 1164 1154 1206 Quintum
1188 1164 1335 1200 fratrem
1361 1166 1398 1200 et
1423 1162 1468 1200 ad

182 1227 358 1263 Atticum.
384 1237 499 1272 neque
525 1224 719 1272 quidquam
735 1224 914 1260 lucramur
940 1236 958 1260 e
984 1224 1114 1260 lacuna
1130 1223 1206 1270 illa,
1232 1232 1322 1271 quae·
1347 1224 1386 1259 in
1411 1235 1467 1259 oo-

182 1285 259 1321 dice
275 1284 436 1320 Mediceo
454 1285 492 1318 in
510 1283 674 1330 epistulis
692 1282 737 1318 ad
755 1282 834 1318 Att.
852 1283 883 1318 Ι.
906 1283 962 1328 18,
984 1284 1000 1318 1
1020 1304 1068 1309 —-
1089 1283 1145 1328 19,
1166 1283 1207 1318 11
1223 1282 1420 1328 indicatur3
1437 1282 1467 1327 ²)

181 1356 264 1380 nam
290 1344 322 1380 si
348 1355 426 1380 eam
453 1345 623 1390 quattuor
648 1353 725 1378 esse
751 1342 962 1389 paginarum
989 1342 1195 1387 statuimus,
1219 1341 1373 1389 paginae
1402 1340 1468 1376 mi-

181 1414 285 1438 nores
303 1405 399 1448 sunt,
426 1414 533 1448 quam
551 1413 627 1446 eae,
653 1413 742 1448 quas
767 1402 805 1435 in
831 1401 996 1448 epistulis
1022 1400 1067 1436 ad
1085 1401 1236 1436 Brutum
1262 1401 1467 1447 reperimus.

299 1461 462 1507 Denique
488 1459 691 1496 hominibus
718 1458 831 1495 doctis
850 1459 1128 1495 controversiam
1154 1470 1311 1506 propono
1332 1457 1468 1505 discep-

181 1519 350 1555 tandam:
377 1531 591 1565 quamquam
616 1520 688 1553 iam
715 1519 917 1564 antiquitus
944 1519 980 1552 in
1007 1517 1187 1553 codicibus
1213 1516 1389 1564 epistulae
1424 1516 1470 1552 ad

184 1577 360 1623 Atticum,
393 1576 439 1613 ad
464 1576 638 1618 Quintum
672 1576 832 1622 fratrem,
865 1576 910 1612 ad
936 1576 986 1611 M.
1013 1575 1166 1612 Brutum
1198 1576 1342 1611 iunctae
1372 1577 1469 1620 sunt,

183 1640 306 1673 tamen
332 1636 508 1683 epistulae
541 1635 586 1671 ad
610 1636 661 1672 M.
687 1635 840 1671 Brutum
873 1637 996 1671 carent
1028 1635 1127 1680 locis,
1162 1636 1223 1682 qui
1253 1633 1359 1681 plane
1390 1645 1468 1681 per-

183 1697 272 1743 spici
297 1706 369 1730 non
395 1696 557 1741 possunt,
592 1693 684 1740 quod
710 1692 852 1740 quidem
879 1704 985 1739 saepe
1016 1692 1146 1728 accidit
1169 1693 1208 1727 in
1233 1692 1398 1740 epistulis
1424 1691 1470 1728 ad

183 1754 347 1790 Atticum
375 1755 412 1788 et
436 1751 482 1788 ad
507 1750 682 1793 Quintum
699 1752 856 1787 fratrem.
883 1763 1000 1786 nonne
1018 1751 1152 1798 factum
1178 1762 1255 1786 esse
1271 1753 1403 1798 potest,
1428 1753 1470 1786 ut

181 1813 438 1861 grammaticus
465 1810 610 1858 quidam
640 1810 792 1847 fortasse
822 1810 899 1857 ipse
931 1810 1067 1846 Fronto
1102 1809 1345 1846 emendaverit
1377 1810 1469 1857 epis-

182 1871 279 1907 tulas
306 1870 351 1906 ad
377 1869 428 1905 M.
454 1868 634 1905 Brutum?

301 1978 324 2015 ¹)
345 1978 455 2006 Potius
477 1979 550 2006 sunt
571 1978 721 2014 quattuor
734 1976 877 2014 paginae,
900 1975 1043 2014 singulae
1058 1975 1116 2005 805
1136 1975 1259 2005 litteras
1274 1975 1469 2012 exhibentes;

185 2037 256 2057 nam
278 2028 358 2056 ratio
386 2030 433 2056 est
459 2027 552 2055 haec:
583 2027 610 2054 si
636 2026 733 2054 verba
753 2025 806 2055 IV.
826 2026 872 2062 16,
900 2025 919 2054 5
942 2025 1051 2062 „detur
1077 2026 1162 2054 esse“
1183 2040 1223 2046 —
1245 2025 1362 2063 „magis
1387 2033 1470 2053 nunc

184 2078 306 2105 coiace“
328 2076 381 2104 IV.
404 2075 450 2112 1⁷,
470 2076 498 2109 3.
521 2075 598 2104 duas
620 2077 724 2112 partes
746 2075 888 2110 efficiunt,
909 2075 1006 2103 verba
1026 2074 1078 2103 IV.
1102 2074 1148 2110 17,
1162 2074 1191 2104 3.
1214 2074 1318 2111 „quod
1339 2075 1401 2102 iam
1421 2074 1470 2101 in-

182 2125 428 2162 tellegebamus⁴⁴
451 2141 490 2145 —
513 2123 711 2160 „absolutum
733 2122 917 2151 Gabinium“
940 2122 994 2151 IV.
1009 2122 1056 2159 19,
1075 2122 1103 2151 2.
1124 2125 1188 2151 tres
1208 2125 1312 2160 partes
1327 2123 1470 2151 efficiunt.

302 2171 326 2211 2)
351 2173 450 2202 Jahns
471 2171 671 2202 Jahrbiicher
691 2170 739 2208 87,
759 2181 788 2209 p.
808 2170 876 2201 560.

350 2222 524 2252 Hofmann:
556 2221 619 2250 Der
641 2220 792 2250 kritische
813 2220 954 2259 Apparat
975 2230 1005 2259 p.
1027 2220 1075 2252 55.

683 2336 974 2356 ψ-
