1627 2679
724 138 918 169 ...27-

789 235 857 271 IV.

292 308 400 345 Nunc
425 309 588 355 quaestio
606 309 760 354 exsistit,
787 310 866 357 quis
887 308 1059 357 epistulas
1078 307 1258 345 Ciceronis
1279 307 1465 355 collegerit

125 400 129 402 .
175 370 284 414 atque
308 357 473 402 ediderit.
500 378 580 401 cum
597 366 640 402 de
657 366 949 414 hac‘quaestione
971 378 1086 414 neque
1102 367 1283 402 Hofmann
1294 367 1323 414 ¹)
1348 377 1465 412 neque

174 424 316 462 Gur-litt
330 424 359 471 ²)
384 423 651 470 inquirentibus
676 423 781 459 nobis
807 425 896 460 satis
920 425 1067 471 faciant,
1091 424 1198 471 paulo
1224 423 1379 472 amplius
1404 434 1462 459 res

176 481 366 521 tractanda
389 483 469 519 erit.

250 560 253 585 ἶ
294 554 476 592 Ciceronis
502 555 737 603 epistularum
762 555 808 592 ad
833 568 898 592 nos
923 560 1162 603 pervenerunt

493 613 580 649 libri
605 613 651 648 ad
675 614 870 650 familiares
895 614 1002 660 XVI,

493 672 580 707 libri
605 671 651 708 ad
675 672 841 708 Atticum
865 672 972 718 XVI,

494 730 580 765 libri
605 730 651 765 ad
676 729 851 771 Quintum
876 731 1023 766 fratrem
1047 731 1121 775 III,

176 761 268 840 liber
292 813 384 837 unus
411 801 458 837 ad
482 802 533 838 M.
559 802 711 839 Brutum
741 805 779 839 et
803 803 953 839 alterius
978 801 1126 838 dimidia
1149 814 1243 850 pars.
1276 805 1462 850 praeterea

178 861 338 910 antiquis
371 861 592 908 temporibus
630 861 746 899 multa
783 861 855 897 alia
890 862 1072 898 exstitisse
1109 873 1256 909 corpora
1280 860 1462 897 Ciceronis

177 919 413 969 epistularum
436 920 540 956 nobis
565 921 792 967 grammatici
815 923 1007 957 testantur.
1034 921 1195 968 cognitos
1212 920 1383 956 habemus
1403 918 1463 955 Ci-

177 979 314 1014 ceronis
339 978 571 1025 epistularum

178 1060 224 1096 ad
249 1060 287 1097 C.
314 1060 496 1097 Licinium
523 1060 675 1097 Calvum
700 1061 832 1097 librum
857 1062 888 1098 Ι.
916 1062 1103 1109 (Priscian.
1129 1061 1198 1099 IX.
1227 1062 1283 1106 10,
1308 1061 1387 1106 54),

178 1118 224 1155 ad
254 1118 459 1155 Cornelium
493 1119 672 1166 Nepotem
705 1119 836 1155 librum
861 1120 913 1158 II.
946 1119 1118 1168 (Macrob.
1146 1118 1223 1156 Sat.
1248 1119 1300 1154 H.
1334 1120 1366 1166 1,
1395 1119 1466 1166 14),

179 1176 224 1213 ad
248 1177 411 1215 Marcum
435 1177 551 1213 filium
575 1178 708 1214 librum
733 1178 786 1214 Π.
813 1178 971 1225 (Nonius
996 1191 1031 1226 p.
1057 1178 1142 1222 275,
1172 1178 1249 1226 17),

178 1235 224 1272 ad
248 1235 458 1284 Pompeium
482 1237 615 1273 librum
640 1236 708 1273 IV.
735 1237 843 1285 (Non.
868 1250 903 1285 p.
930 1238 1015 1283 293,
1044 1238 1119 1284 19),

177 1294 224 1330 ad
249 1293 437 1330 Caesarem
462 1295 595 1331 librum
619 1295 689 1331 III.
717 1296 829 1343 (Non.
854 1309 890 1342 p.
916 1296 1001 1341 286,
1029 1296 1106 1343 12),

179 1352 224 1389 ad
250 1351 438 1390 Caesarem
463 1355 638 1390 iuniorem
663 1353 795 1390 librum
820 1354 893 1391 ΠΙ.
920 1354 1031 1402 (Non.
1057 1367 1092 1402 p.
1119 1353 1205 1400 4263
1233 1353 1306 1401 12),

130 1426 133 1429 ⁴
179 1412 225 1448 ad
249 1414 381 1450 Axium
405 1413 537 1449 librum
561 1413 614 1450 II.
642 1413 753 1461 (Non.
779 1426 815 1461 p.
840 1413 925 1459 509,
952 1413 1029 1462 20),

179 1471 225 1507 ad
249 1472 405 1507 Pansam
429 1472 562 1509 librum
585 1472 657 1508 111.
686 1472 799 1519 (Non.
824 1485 860 1519 p.
886 1473 946 1517 92,
971 1472 1047 1519 21),

179 1529 225 1565 ad
249 1529 409 1566 Hirtium
434 1530 565 1566 librum
590 1530 659 1567 IX.
688 1530 800 1578 (Non.
826 1543 862 1577 p.
888 1530 975 1576 450,
1002 1530 1052 1578 3),

180 1588 227 1625 ad
251 1587 416 1625 Cassium
439 1589 571 1624 librum
595 1589 627 1624 Ι.
655 1588 765 1637 (Non.
792 1602 827 1636 p.
854 1589 939 1635 278,
966 1589 1020 1636 5),

180 1645 225 1682 ad
250 1646 403 1682 Brutum
427 1646 559 1683 librum
584 1646 655 1682 IX.
681 1646 792 1695 (Non.
817 1659 853 1694 p.
880 1648 967 1693 421,
992 1647 1070 1695 31).

181 1741 285 1776 quem
310 1729 398 1765 haec
423 1730 660 1776 epistularum
685 1741 832 1777 corpora
858 1729 1011 1765 edidisse
1047 1725 1206 1765 dixeris?
1243 1741 1328 1764 num
1358 1729 1467 1774 ipsos,

181 1787 226 1823 ad
252 1799 339 1835 quos
364 1787 471 1823 datae
496 1787 610 1823 sunt?
647 1799 741 1823 anno
769 1787 840 1824 710
865 1798 899 1824 a.
926 1787 961 1824 d.
989 1786 1157 1825 V11.1d
1184 1786 1306 1829 Quint.
1342 1785 1467 1821 Attico

182 1847 380 1902 quaerenti,
419 1850 540 1883 utrum
566 1846 741 1896 epistulas
772 1846 939 1883 collectas
964 1846 1113 1883 haberet
1143 1858 1188 1882 an
1222 1858 1306 1891 non,
1343 1843 1467 1881 Cicero

180 1905 365 1953 respondit
397 1905 459 1954 (ad
485 1905 564 1941 Att.
589 1905 696 1941 XVI.
722 1906 758 1950 5,
789 1906 850 1953 5):
886 1917 1068 1952 „mearum
1100 1904 1333 1953 epistularum
1367 1903 1469 1939 nulla

182 1966 238 2000 est
262 1963 450 2011 συναγωγή,
483 1963 548 2000 sed
571 1963 682 2000 habet
706 1964 790 2001 Tiro
821 1965 936 2000 instar
970 1965 1219 2013 septuaginta,
1252 1966 1289 1999 et
1327 1960 1469 2010 quidem

182 2026 268 2059 sunt
300 2035 323 2059 a
355 2026 392 2059 te
428 2022 603 2070 quaedam
636 2022 845 2059 sumendae:
885 2035 945 2059 eas
980 2035 1046 2071 ego
1072 2026 1212 2070 oportet
1243 2022 1468 2069 perspiciam,

182 2082 373 2128 corrigam3
407 2084 484 2116 tum
509 2081 663 2128 denique
692 2080 874 2117 edentur.“
903 2093 996 2117 anno
1027 2082 1139 2129 igitur
1165 2081 1235 2117 710
1258 2079 1350 2114 nulli
1375 2080 1468 2126 epis·

182 2139 339 2176 tularum
364 2138 544 2176 Ciceronis
569 2139 655 2176 libri
688 2139 776 2176 editi
801 2143 915 2177 erant.
966 2152 1050 2188 ergo
1087 2152 1152 2176 nec
1182 2139 1373 2185 Pompeius
1402 2150 1470 2174 nec

301 2252 324 2288 ¹)
345 2251 503 2282 Hofmann
523 2253 557 2280 in
577 2252 773 2290 praefatione
795 2252 1001 2291 epistularum
1022 2252 1208 2281 selectarum
1233 2259 1263 2288 p.
1285 2249 1390 2279 1—13.

302 2300 324 2338 ²)
345 2300 474 2330 Gurlitt:
499 2301 536 2329 D.
556 2301 596 2329 M.
617 2300 715 2330 Tullii
736 2301 894 2331 Ciceronis
911 2301 1052 2339 epistulis
1074 2307 1242 2336 earumque
1256 2299 1391 2337 pristina
1405 2299 1469 2327 col-

182 2349 327 2379 lectione.
348 2349 514 2387 Gottingae
536 2349 621 2378 1879.
