1627 2679
722 133 915 163 ,29-

172 243 322 280 quarum
339 231 503 278 exempla
521 232 666 267 Atticus
683 234 821 284 accepit
841 233 903 281 (ad
919 233 999 269 Att.
1021 233 1110 271 XII.
1131 234 1188 269 15.
1213 233 1269 278 18,
1286 233 1320 270 2.
1347 230 1460 268 XIII.

172 291 232 338 37,
259 293 291 329 1.
314 289 422 327 XIV.
451 291 509 336 17,
532 291 587 339 4).
613 292 723 327 etiam
748 291 887 328 Pansae
912 295 950 329 et
976 292 1157 330 Ciceronis
1182 296 1328 329 mutuae
1359 291 1459 328 littc2

171 362 234 386 rae
256 351 291 385 ei
314 352 457 396 praesto
482 349 627 386 fuerunt
652 350 714 397 (ad
738 350 818 386 Att.
843 351 928 388 XV.
955 351 1041 398 23).
1067 356 1187 387 tamen
1213 362 1274 386 eas
1299 363 1370 386 non
1397 362 1458 385 ex·

170 407 299 444 hibuit.
338 409 463 456 contra
499 407 664 454 epistulis
703 407 883 444 Ciceronis
917 409 963 444 ad
997 409 1163 445 Atticum
1197 408 1340 445 additae
1371 411 1458 444 sunt

169 466 315 502 litterae
340 465 391 500 M.
416 465 571 500 Antonii
606 465 651 500 ad
676 464 882 502 Ciceronem
907 470 945 502 et
970 466 1150 503 Ciceronis
1185 466 1230 502 ad
1254 467 1455 502 Antonium

170 523 235 573 (ad
251 523 332 560 Att.
346 522 451 560 XIV.
466 523 523 570 13,
538 524 591 571 6),
609 524 767 570 epistula
785 524 851 560 illa
866 525 913 560 ad
928 525 1155 561 Dolabellam
1173 525 1234 573 (ad
1251 525 1330 561 Att.
1348 524 1455 561 XIV.

170 583 247 630 17),
277 581 453 629 epistulae
478 580 660 618 Ciceronis
693 582 739 618 ad
763 583 936 619 Plancum
960 587 1034 619 tres
1060 583 1122 631 (ad
1146 584 1228 619 Att.
1258 582 1364 620 XVI.
1397 583 1454 618 16.

167 640 215 678 A.
241 640 283 676 B.
309 640 386 687 E),
411 638 503 675 duae
528 639 574 675 ad
590 639 802 687 Capitonem
827 640 889 689 (ad
904 641 985 677 Att.
1011 641 1115 678 XVI.
1144 642 1200 679 16.
1220 640 1260 678 C.
1285 641 1358 689 R),
1383 652 1458 676 una

168 698 214 735 ad
239 698 279 735 C.
305 697 570 745 Cuppiennium
595 698 667 747 (ad.
692 698 773 736 Att.
799 700 904 737 XVI.
933 701 989 735 16.
1011 700 1070 745 D.;
1102 701 1141 736 in
1167 703 1338 736 contextu
1362 700 1454 746 epis-

168 756 270 792 tulae
303 756 350 791 ad
373 756 539 792 Atticum
573 756 673 804 (XV.
701 758 759 803 14,
788 757 837 805 1.)
863 761 983 793 exstat
1016 758 1172 804 epistula
1196 757 1376 793 Ciceronis
1408 757 1455 791 ad

167 814 406 852 Dolabellam.
431 814 520 851 haec
544 815 708 862 exempla
732 816 822 851 satis
847 815 976 852 docent
1007 817 1170 852 omisisse
1195 815 1360 852 Atticum
1392 826 1456 851 eas

167 872 354 920 epistulas,
380 885 471 919 quae
495 875 650 920 propriis
676 874 881 920 corporibus
908 874 1192 910 continebantur.

284 930 407 967 Aliam
431 935 553 967 autem
578 933 754 968 rationem
770 932 944 979 praebent
969 932 1200 980 epistularum
1227 931 1272 968 ad
1288 931 1454 967 Atticum

151 988 251 1026 ·libri
276 991 412 1037 priores
437 990 570 1027 decem.
596 991 770 1037 epistulas
796 991 978 1037 exhibent,
1004 1003 1093 1038 quas
1120 990 1260 1027 Ciceros
1285 990 1456 1037 legendas

166 1049 325 1092 miserat,
350 1047 458 1083 Balbi
482 1048 528 1083 ad
545 1047 750 1084 Ciceronem
776 1049 903 1096 (VIII.
932 1050 989 1094 15,
1016 1048 1067 1096 3),
1092 1048 1200 1084 Balbi
1225 1052 1262 1083 et
1283 1047 1392 1094 Oppii
1408 1047 1453 1082 ad

166 1104 383 1151 Ciceronem,
403 1105 511 1141 Balbi
527 1105 573 1141 ad
589 1105 808 1152 Ciceronem,
826 1105 989 1143 Caesaris
1007 1106 1054 1142 ad
1071 1105 1226 1154 Oppium
1244 1106 1327 1154 (IX.
1347 1106 1381 1150 7,
1399 1105 1454 1153 3),

164 1164 272 1198 Balbi
296 1163 343 1198 ad
368 1163 573 1199 Ciceronem
600 1165 686 1210 (IX.
716 1166 773 1209 13,
806 1166 859 1210 8),
893 1165 1001 1199 Matii
1032 1168 1070 1199 et
1094 1165 1256 1199 Trebatii
1281 1164 1327 1198 ad
1352 1163 1452 1198 Cice-

164 1232 286 1258 ronem
310 1220 394 1271 (IX.
423 1222 480 1267 15,
507 1221 558 1270 6),
592 1221 747 1259 Antonii
771 1222 816 1258 ad
842 1222 1048 1261 Ciceronem
1075 1222 1141 1272 (X.
1168 1222 1202 1268 8,
1231 1221 1304 1271 10),
1339 1220 1456 1257 Caelii

164 1280 210 1316 ad
235 1279 440 1317 Ciceronem
465 1281 531 1328 (X.
549 1282 583 1328 9,
603 1282 653 1330 3).
671 1282 733 1318 sed
749 1284 952 1318 invenimus
969 1284 1080 1318 etiam
1096 1281 1270 1329 epistulas
1291 1285 1329 1317 et
1344 1281 1449 1316 Pom-

162 1340 237 1386 peii
261 1342 299 1375 et
323 1339 369 1374 ad
393 1340 603 1387 Pompeium
630 1341 811 1388 (Pompeii
835 1341 881 1376 ad
907 1340 1113 1377 Ciceronem
1138 1340 1239 1386 duas,
1270 1339 1452 1376 Ciceronis

163 1397 209 1433 ad
233 1398 443 1446 Pompeium
468 1398 557 1435 duas
574 1399 683 1437 VIII.
713 1400 769 1445 11,
792 1401 827 1446 6,
853 1401 1002 1447 Pompei
1027 1400 1072 1436 ad
1098 1399 1137 1436 C.
1156 1399 1381 1443 Marcellum,
1406 1397 1450 1434 L.

155 1448 358 1492 ‘Lentulum
389 1469 491 1503 coss.,
525 1461 598 1493 tres
624 1458 786 1505 Pompeii
821 1458 867 1494 ad
892 1459 1092 1494 Domitium
1119 1458 1226 1494 VIII.
1256 1458 1312 1503 12,
1339 1458 1380 1504 6)
1413 1460 1451 1491 et

163 1513 327 1550 Caesaris
360 1515 405 1550 ad
430 1515 635 1551 Ciceronem
670 1516 756 1562 (IX.
784 1517 818 1561 6,
854 1517 888 1552 6.
918 1518 962 1551 16
988 1517 1036 1553 X.
1063 1517 1084 1551 8
1111 1516 1171 1562 B.)
1199 1519 1236 1551 et
1269 1515 1450 1550 Ciceronis

162 1571 209 1608 ad
234 1571 422 1609 Caesarem
447 1573 530 1622 (H.
559 1575 616 1619 11,
642 1573 692 1619 4).
718 1577 840 1610 tamen
865 1574 977 1610 libros
1003 1573 1184 1610 Ciceronis
1215 1573 1448 1621 epistularum

162 1635 200 1667 et
224 1631 270 1667 ad
295 1632 505 1679 Pompeium
530 1637 568 1669 et
592 1632 637 1668 ad
663 1632 852 1669 Caesarem
886 1635 1069 1669 exstitisse
1104 1634 1311 1679 accipimus,
1343 1631 1448 1667 Unde

162 1701 270 1724 causa
294 1690 401 1725 huius
426 1692 479 1725 rei
504 1692 703 1726 contrariae
729 1691 922 1737 repetenda
947 1692 1030 1726 est?
1057 1692 1209 1726 videtur
1233 1691 1329 1725 milu'
1351 1691 1446 1724 Atti-

162 1759 234 1789 cus,
262 1760 341 1784 cum
369 1749 408 1792 2271
435 1749 671 1796 conficiendas
696 1750 945 1796 epistularum
973 1750 1028 1785 ad
1050 1751 1171 1795 ipsum
1197 1748 1447 1784 voluminibus

162 1807 217 1841 ad
252 1808 393 1842 librum
430 1808 611 1843 decimum
638 1809 884 1853 pervenisset,
919 1809 1114 1843 consilium
1152 1808 1287 1853 cepisse
1323 1819 1448 1842 omnes

166 1864 353 1900 Ciceronis
377 1866 558 1911 epistulas
584 1866 736 1909 edendi,·
761 1870 839 1902 tum
866 1878 946 1902 eum
968 1878 1012 1901 ex
1030 1865 1199 1902 Cicerone
1225 1866 1446 1912 quaesivisse

159 1927 260 1971 puto,
285 1937 369 1959 num
395 1925 468 1960 iam
485 1924 652 1961 collectas
673 1925 821 1962 haberet
837 1925 1011 1973 epistulas
1033 1925 1097 1973 (ad
1112 1925 1193 1961 Att.
1215 1923 1318 1960 XVI.
1340 1924 1375 1970 5,
1392 1923 1444 1971 5).

158 1984 198 2017 in
223 1982 354 2029 vulgus
379 1984 492 2030 igitur
516 1983 629 2019 edidit
658 1983 825 2031 deinceps
860 1985 1096 2031 epistularum
1121 1983 1300 2020 Ciceronis
1333 1982 1447 2018 libros

159 2040 205 2076 ad
229 2041 451 2089 Pompeium,
478 2041 523 2078 ad
548 2040 749 2088 Caesarem,
774 2042 821 2078 ad
846 2042 1006 2079 Hirtium
1031 2047 1068 2079 et
1093 2046 1246 2087 ceteros3
1277 2039 1339 2076 sed
1364 2052 1444 2076 cum

158 2099 285 2137 harum
310 2101 545 2147 epistularum
571 2100 745 2147 quaedam
768 2103 808 2136 in
833 2102 1068 2148 epistularum
1093 2101 1138 2136 ad.
1153 2101 1317 2137 Atticum
1341 2099 1445 2134 libris

158 2161 355 2203 exstarent,
379 2160 563 2205 graviores
588 2163 710 2195 tamen
731 2159 938 2195 viderentur
954 2171 1044 2205 esse,
1070 2171 1175 2206 quam
1201 2161 1242 2193 ut
1266 2157 1389 2192 deesse
1405 2158 1444 2192 in

158 2216 249 2251 serie
265 2216 483 2263 reliquarum
499 2218 714 2264 potuissent,
737 2230 800 2253 eae
816 2218 873 2254 bis
890 2221 1053 2265 receptae
1071 2221 1165 2253 sunt.
1186 2216 1254 2251 hac
1271 2215 1314 2251 de
1334 2227 1445 2251 causa

157 2274 280 2321 verba,
306 2287 398 2323 quae
423 2288 443 2311 e
468 2276 559 2312 libro
586 2276 653 2313 IV.
687 2277 922 2324 epistularum
949 2277 1128 2313 Ciceronis
1159 2275 1204 2311 ad
1234 2275 1445 2322 Pompeium

157 2331 367 2381 deprompta
391 2334 531 2371 Nonius
556 2335 607 2384 (p.
633 2336 717 2383 293,
747 2335 808 2384 19)
834 2335 947 2382 affert,
973 2338 1082 2371 etiam
1108 2334 1264 2382 epistula
1289 2333 1335 2370 ad
1359 2334 1443 2370 Att.
