1627 2679
114 0 286 26 -..a

738 160 911 189 -9-

182 271 254 307 quo
291 258 337 294 ad
361 257 525 294 Atticum
562 256 753 305 epistulam
786 256 833 293 V.
862 257 911 294 20
947 257 1102 306 scripsit.
1141 269 1225 305 ergo
1263 257 1469 302 statuimus,

131 325 133 327 ’
182 317 410 355 tabellarium
447 316 486 352 in
522 316 651 352 itinere
687 315 768 363 plus
793 316 1055 364 quinquaginta
1091 316 1167 353 dies
1205 316 1468 363 consumpsisse

182 380 355 425 ponentes
389 374 524 423 (confer
548 374 594 410 ad
618 374 698 411 Att.
725 374 771 410 V.
796 374 864 421 19,
891 375 943 423 1),
980 375 1120 412 circiter
1143 375 1228 411 Kal.
1254 374 1470 412 Decembres

183 433 243 471 vel
275 433 383 482 paulo
420 437 503 480 post
534 444 557 468 a
581 433 694 470 Bruto
719 432 922 470 Ciceronem
959 433 1100 471 litteras
1136 434 1315 482 accepisse
1351 434 1469 481 iisque

182 493 418 540 rescripsisse.

297 550 464 587 Exeunte
488 562 582 587 anno
600 550 671 588 703
696 550 741 586 ad
767 549 978 596 Ciceronem⁴
996 551 1035 586 in
1051 556 1170 588 castra
1187 551 1279 588 alter
1297 551 1467 599 Scaptius

182 610 283 646 venit
312 613 439 656 petens
473 620 496 644 a
524 608 750 656 proconsule,
786 613 825 645 ut
859 609 1074 645 Salaminios
1108 613 1249 657 cogeret
1281 610 1469 656 pecuniam

183 667 332 713 solvere,
349 667 379 713 ι)
418 666 613 714 attulitque
652 667 813 702 libellum
843 667 1088 704 mandatorum
1120 667 1236 714 Bruti,
1273 669 1311 703 in
1336 680 1406 715 quo
1432 671 1469 703 et

181 727 259 774 ipse
283 730 321 762 et
344 726 385 762 P.
411 725 586 762 Matinius
610 725 849 763 laudabantur
873 726 935 776 (ad
959 727 1038 764 Att.
1065 727 1111 763 V.
1136 727 1196 773 21,
1223 728 1304 775 10):
1352 739 1468 774 „nunc

181 796 354 831 cognosce
391 784 434 819 de
467 784 590 820 Bruto.
631 784 818 820 familiaris
855 785 965 821 habet
1001 786 1135 821 Brutus
1169 789 1253 820 tuus
1291 786 1465 831 quosdam

181 841 373 878 creditores
386 841 661 877 Salaminiorum
680 854 724 878 ex
741 841 871 890 Cypro,
890 843 939 879 M.
954 842 1137 891 Scaptium
1156 847 1193 879 et
1208 843 1249 880 P.
1260 842 1467 887 Matinium,

182 912 272 947 quos
297 900 386 936 mihi
410 901 580 936 maiorem
613 902 651 936 in
677 901 818 937 modum
855 902 1127 937 commendavit.
1169 902 1360 937 Matinium
1397 914 1469 936 non

182 959 286 1003 novi3
313 957 481 1005 Scaptius
498 959 543 993 ad
558 970 615 994 me
631 959 670 993 in
687 962 805 994 castra
821 959 943 994 venit:
969 959 1149 1006 pollicitus
1169 971 1249 994 sum
1265 962 1469 995 curaturum

129 1015 133 1018 ’
182 1027 239 1053 me
263 1016 369 1053 Bruti
392 1028 512 1062 causa,
538 1020 580 1054 ut
605 1017 638 1053 ei
656 1015 845 1054 Salaminii
869 1018 1055 1066 pecuniam
1081 1018 1294 1056 solverent.“
1324 1017 1468 1053 manda-

182 1079 300 1111 torum
336 1079 458 1111 autem
493 1076 655 1111 libellum
693 1088 764 1111 non
801 1075 940 1111 differre
965 1087 988 1111 a
1011 1076 1143 1112 litteris
1169 1076 1467 1112 commendatitiis

181 1132 328 1180 Scaptio
356 1134 450 1169 datis
485 1137 622 1179 statuo,
658 1135 851 1182 respiciens
887 1133 1005 1170 locum
1038 1134 1099 1183 (ad
1124 1136 1204 1172 Att.
1231 1134 1297 1171 VI.
1334 1138 1350 1170 1
1366 1162 1376 1181 ,
1410 1135 1468 1181 5):

185 1192 294 1238 „quin
331 1193 440 1228 etiam
474 1192 637 1228 libellum
674 1193 789 1239 ipsius
829 1193 955 1238 habeo,
993 1193 1032 1227 in
1071 1206 1140 1239 quo
1175 1197 1231 1228 est
1260 1193 1469 1228 »Salaminii

182 1250 369 1296 pecuniam
394 1250 526 1285 debent
548 1250 600 1284 M.
618 1249 763 1296 Scaptio
781 1254 818 1286 et
833 1250 874 1286 P.
893 1249 1059 1296 Matinio,
1084 1250 1323 1285 familiaribus
1339 1250 1477 1285 meisa

180 1318 242 1343 eos
267 1307 356 1343 mihi
381 1308 623 1355 commendat3
648 1308 821 1345 adscribit
844 1308 954 1345 etiam
979 1311 1016 1345 et
1033 1308 1138 1356 quasi
1155 1307 1274 1345 calcar
1289 1307 1468 1355 admovet,

181 1366 425 1402 intercessisse
451 1378 489 1401 se
514 1379 577 1413 pro
610 1368 657 1401 iis
682 1378 850 1414 magnam
874 1368 1093 1413 pecuniam.“
1130 1371 1280 1413 apparet
1304 1367 1399 1402 enim
1425 1378 1470 1402 ex

181 1424 238 1459 his
259 1424 378 1460 verbis
398 1425 736 1461 commendationem
756 1425 926 1471 subsequi
938 1436 992 1471 ea,
1010 1436 1101 1471 quae
1118 1425 1207 1471 ipsis
1224 1425 1329 1461 Bruti
1346 1424 1466 1460 verbis

180 1481 388 1519 afferuntur.
407 1495 546 1519 summa
562 1487 683 1520 autem
699 1483 813 1519 libelli
826 1487 904 1519 erat
925 1483 1109 1531 negotium
1122 1495 1202 1519 cum
1219 1483 1466 1519 Ariobarzane

180 1541 358 1588 agendum
382 1542 472 1589 (1.1.
499 1545 521 1587 ξ
536 1542 594 1589 3)÷
625 1542 888 1588 „mandatorem
914 1546 1035 1578 autem
1059 1541 1148 1577 mihi
1171 1541 1334 1578 libellum
1359 1542 1467 1587 dedit,

181 1599 364 1647 isdemque
389 1600 432 1636 de
456 1601 563 1636 rebus
580 1605 620 1636 tu
638 1594 774 1637 mecum
797 1612 933 1648 egeras.
959 1601 1079 1636 omnia
1097 1611 1176 1635 sum
1196 1599 1468 1648 diligentissime

181 1662 398 1706 persecutus.
432 1659 585 1707 primum
604 1659 664 1695 >ab
689 1659 935 1695 Ariobarzane
966 1660 1017 1696 sic
1041 1659 1217 1705 contendi,
1256 1663 1295 1695 ut
1318 1659 1468 1705 talenta,

181 1728 274 1764 quae
298 1717 387 1753 mihi
411 1718 659 1765 pollicebatur,
684 1718 740 1753 illi
764 1718 898 1755 daret.“

784 1827 867 1864 704.

298 1895 451 1932 Ineunte
477 1907 570 1931 anno
589 1895 661 1932 704
686 1894 853 1943 Scaptius
870 1895 1021 1931 Tarsum
1046 1895 1204 1941 revenit,
1223 1894 1314 1930 unde
1340 1892 1465 1930 Cicero

182 1955 297 1991 Nonis
322 1955 501 1990 Ianuariis
526 1955 705 2001 profectus
731 1958 798 2001 est,
831 1966 903 1990 una
928 1966 1008 1990 cum
1034 1953 1252 2000 Salaminiis,
1291 1957 1331 1989 ut
1357 1964 1466 1989 causa

182 2026 204 2049 a
221 2013 430 2062 proconsule
445 2013 715 2059 diiudicaretur3
734 2012 797 2049 sed
812 2013 876 2049 illo
893 2013 1135 2061 impudentius
1152 2012 1340 2060 flagitante
1354 2011 1468 2048 dilata

181 2077 249 2108 est.
273 2085 346 2109 non
361 2076 549 2109 contentus
565 2072 690 2107 deinde
712 2072 955 2119 praefecturis,
982 2083 1071 2119 quas
1088 2071 1253 2118 Scaptius
1274 2075 1311 2107 et
1327 2069 1468 2106 Gavius

182 2135 393 2178 acceperant
422 2131 484 2179 (ad
508 2131 592 2168 Att.
618 2130 685 2166 VI.
712 2132 746 2177 1,
772 2131 806 2167 4.
835 2131 869 2177 3,
896 2130 948 2178 5),
983 2131 1116 2167 Brutus
1154 2129 1309 2176 epistula
1344 2140 1467 2164 mense

301 2268 326 2304 ¹)
346 2268 393 2297 De
424 2268 483 2297 hac
515 2269 727 2306 negotiatione
759 2269 884 2306 scripsit
903 2267 1054 2306 peculiari
1075 2267 1294 2295 dissertatione
1316 2265 1468 2302 Savigny:

181 2316 286 2346 Ueber
316 2317 377 2346 den
409 2317 607 2346 Zinswucher
638 2317 692 2346 des
717 2317 756 2346 M.
779 2317 906 2347 Brutus.
951 2315 1206 2353 Abhandlungen
1239 2314 1294 2343 der
1323 2313 1470 2342 Berliner

181 2365 365 2395 Akademie.
387 2366 473 2397 1818.
495 2366 581 2396 1819.
609 2376 639 2405 p.
661 2366 824 2397 179—188.
