1627 2679
710 161 905 194 ..39-

168 254 291 294 andri
313 258 527 306 pervenerit.
553 258 737 306 probabile
761 263 818 296 est
840 270 861 295 e
885 258 1004 296 codice
1029 270 1093 295 suo
1113 257 1350 295 cratandmm
1375 269 1447 293 non

168 315 402 363 intellexisse,
419 316 536 364 qualis
551 317 622 354 loci
638 317 845 366 depravatio
858 321 974 365 esset3
998 330 1082 354 nam
1098 318 1137 353 in
1153 317 1314 365 margine
1326 316 1446 353 verbis

169 374 256 421 „sed
281 387 350 422 quo
374 386 440 411 nos
465 377 648 413 amisisse“
669 388 781 423 usque
804 376 850 412 ad
879 376 1016 424 „Vetus
1033 376 1217 412 Antistius
1241 387 1299 412 me
1323 378 1446 412 tamen

168 434 320 480 pecunia
344 432 571 470 sublevaviff
598 436 721 470 notam
745 436 930 482 apposuit:
966 435 1074 482 „haec
1099 434 1259 470 clausula
1283 445 1329 469 ex
1353 434 1446 481 epis-

119 526 123 528 .
168 490 248 528 tula
283 492 451 539 quapiam
487 492 593 528 Bruti
629 491 675 528 ad
712 492 916 529 Ciceronem
949 494 1019 530 huc
1054 493 1231 529 translata
1267 492 1443 529 videm-‚⁰

167 560 240 585 non
272 549 377 595 male,
411 560 492 586 cum
524 544 636 586 verba
671 549 807 596 „Vetus
840 549 1024 586 Antistius
1056 562 1114 586 me
1142 553 1264 586 tamen
1294 551 1446 598 pecunia

168 606 396 645 sublevavit“
430 620 469 645 re
500 620 587 646 vera
620 608 738 645 locum
768 610 1018 656 mutavissent,
1052 609 1188 646 scilicet
1219 612 1302 657 post
1334 608 1444 646 verba

169 677 306 714 „neque
322 679 400 702 meo
418 668 591 702 exercitui
605 668 722 714 magis
741 679 846 714 quam
860 668 1097 715 reliquorum“
1116 679 1138 703 a
1153 668 1299 703 librario
1312 668 1445 702 omissa

167 725 292 772 paucis
321 724 483 761 versibus
508 728 591 772 post
624 726 761 762 inserta
791 728 921 763 essent.
955 726 995 761 in
1026 725 1146 762 verbis
1178 727 1298 761 autem
1335 724 1444 772 „mihi

170 782 272 819 crede
296 796 368 820 non
392 784 483 820 erit“
517 784 682 821 lacunam
708 797 752 821 ne
778 786 890 821 sensit
915 784 1057 832 quidem
1086 783 1299 830 Oratander3
1332 785 1444 832 igitur

166 841 255 877 haec
279 843 399 878 omnia
423 854 493 878 uno
518 845 640 880 tenore
665 844 879 890 processisse
905 843 1006 879 credo
1031 844 1070 878 in
1100 842 1217 878 codice
1243 841 1442 879 Cratandri.

167 902 288 937 utrum
312 900 462 937 schedae
487 900 816 950 Wurzebmgenses
833 902 863 950 ¹)
888 901 994 938 huius
1015 900 1144 938 codicis
1161 900 1333 948 reliquiae
1358 901 1444 947 sint,

169 971 214 994 an
241 972 324 1004 non,
348 960 455 1006 plane
479 960 518 994 in
542 960 650 995 dubio
676 961 849 1006 relinquo.
875 963 970 995 certe
994 960 1118 995 folium
1143 960 1195 995 11.
1221 959 1333 1007 („non
1352 960 1441 994 erit“

168 1039 216 1044 —
245 1017 354 1064 „mihi
378 1016 522 1066 crede“)
546 1030 712 1066 perverse
736 1019 909 1055 insertum
940 1030 1012 1055 non
1038 1017 1190 1066 quadrat
1221 1018 1259 1053 in
1290 1017 1445 1065 spatium

167 1076 386 1123 schedarum,
412 1089 561 1123 quarum
585 1078 710 1113 folium
736 1078 782 1113 ad
806 1078 889 1115 Att.
915 1077 982 1114 VI.
1004 1079 1036 1122 1,
1056 1078 1112 1113 17.
1141 1078 1242 1123 „ipsa
1266 1076 1443 1111 declarat“

167 1155 215 1161 —
243 1146 371 1181 „causa
396 1136 575 1172 venisset“
603 1135 670 1173 VI.
696 1136 732 1183 2,
761 1136 792 1174 1.
818 1136 959 1173 litteras
980 1135 1076 1173 3699
1094 1136 1265 1182 continet,
1291 1146 1362 1170 una
1378 1134 1446 1182 igi-

167 1197 227 1230 tur
250 1195 385 1242 pagina
411 1195 515 1233 1849.

282 1253 334 1289 Et
349 1253 438 1290 mihi
455 1253 595 1301 quidem
611 1265 819 1302 persuasum
838 1256 927 1301 erat,
953 1253 1047 1302 quod
1071 1255 1143 1290 iam
1161 1253 1267 1290 multi
1284 1252 1446 1289 homines

170 1311 267 1349 docti
291 1312 496 1360 voluerunt,
532 1312 669 1349 nullum
695 1312 883 1350 discfimen
908 1326 986 1350 esse
1009 1315 1105 1350 inter
1134 1314 1308 1350 rationem
1340 1312 1446 1348 huius

166 1371 244 1410 folii
267 1383 433 1419 perverse
457 1374 584 1410 inserti
618 1376 655 1409 et
679 1384 812 1419 eorum,
843 1385 935 1420 quae
964 1374 1168 1410 invenimus
1207 1374 1247 1408 in
1280 1371 1446 1419 epistulis

166 1429 211 1465 ad
236 1429 410 1471 Quintum
430 1431 576 1467 fratrem
592 1431 644 1467 H.
673 1432 705 1478 l,
733 1432 752 1467 l
780 1453 826 1458 —-
851 1431 901 1467 11.
931 1433 965 1475 5,
990 1431 1032 1477 23
1052 1432 1081 1479 ²)
1107 1431 1223 1467 sedin
1239 1431 1296 1466 his
1312 1431 1449 1465 maiora

165 1487 337 1525 habemus
361 1489 459 1536 folia,
494 1502 643 1536 quorum
669 1491 856 1525 minimum
882 1502 962 1526 cum
995 1491 1129 1537 pagina
1154 1490 1312 1525 maxima
1345 1487 1449 1535 („sed

166 1547 257 1593 qu0“
277 1568 323 1574 —
343 1548 452 1594 „mihi
470 1547 609 1596 crede“)
626 1550 804 1584 convenit.
831 1550 994 1595 sequitur
1012 1548 1139 1585 tabula
1162 1548 1334 1584 exhibens
1354 1558 1448 1582 sum-

166 1616 243 1640 mas
268 1605 486 1642 litterarum:

278 1772 322 1802 ep.
344 1762 382 1793 ad
402 1763 535 1795 Brutum.
674 1764 712 1793 11.
733 1763 761 1793 1.
784 1773 866 1800 „cum
886 1764 958 1795 haec
979 1763 1160 1795 scribebam“
1201 1725 1304 1754 mmm
1322 1733 1431 1764 pagum

739 1841 778 1846 —
799 1824 846 1861 „in
868 1823 1020 1864 republica
1039 1826 1112 1854 est‘.
1214 1823 1292 1854 2604
1342 1823 1416 1853 1302

277 1909 322 1939 ep.
342 1900 379 1930 ad
399 1900 533 1931 Brutum.
674 1901 713 1933 ΙΙ.
733 1901 761 1931 5.
791 1911 868 1938 „non
895 1902 969 1932 erit¹⁴
997 1918 1034 1923 —
1062 1901 1164 1938 „doleo

835 1960 968 1992 Asiam!
1341 1960 1414 1990 1238

279 2045 326 2075 ep.
346 2036 383 2067 ad
403 2036 536 2066 Brutum.
673 2038 712 2068 II.
737 2038 765 2068 3.
799 2037 867 2074 „sed
896 2041 971 2078 quo“
1002 2055 1042 2060 —
1074 2039 1164 2075 „mihi

866 2096 979 2130 crsds.“
1339 2095 1414 2127 1303

284 2232 306 2272 ¹)
326 2234 360 2263 L.
391 2232 540 2273 Spengel:
573 2233 745 2264 Miinchner
775 2233 921 2264 Gelehrte
949 2234 1110 2275 Anzeigen
1141 2235 1225 2272 1846,
1255 2244 1284 2274 p.
1315 2234 1371 2264 917
1403 2244 1445 2268 ss.

166 2281 223 2311 926
244 2291 284 2312 ss.
323 2283 362 2313 K.
382 2283 489 2312 Halm:
510 2284 716 2312 Rheinisches
736 2284 878 2313 Museum
897 2284 1008 2313 XVIII.
1028 2285 1128 2320 (1863)
1148 2294 1177 2321 p.
1198 2284 1255 2312 460
1276 2292 1316 2314 ss.

282 2329 307 2367 ³)
334 2330 482 2360 Theodor
514 2332 700 2360 Mommsen:
743 2331 923 2361 Zeitschrift
951 2332 1003 2361 fiir
1031 2331 1445 2361 Alterthumswissenschast

166 2378 252 2416 1844,
273 2389 303 2418 p.
323 2380 381 2410 593
402 2389 443 2409 ss.
483 2382 665 2419 recognovit
685 2384 716 2410 et
737 2382 873 2410 correxit
895 2380 978 2418 1845,
999 2391 1028 2420 p.
1050 2381 1105 2411 779
1126 2390 1167 2410 ss.
