1627 2679
728 145 924 174 ..16-

177 242 397 287 revertisset,
436 243 645 279 convenisse
677 243 772 279 inter
802 254 841 279 se
865 254 927 279 eos
951 242 1054 279 credo
1084 254 1129 279 ex
1153 242 1275 279 verbis
1299 243 1362 292 (ad
1386 243 1468 281 Att.

178 299 289 335 XIII.
307 301 367 346 44,
388 300 444 345 1):
472 300 628 346 „Brutus
644 300 741 349 apud
758 312 815 336 me
831 300 912 348 fuit,
938 301 996 337 cui
1013 300 1156 348 quidem
1176 301 1281 338 valde
1301 300 1471 350 placebat

178 370 235 395 me
255 359 390 407 aliquid
409 359 455 396 ad
475 358 699 397 Caesarem.“
719 371 803 396 nam
820 360 912 397 hanc
929 359 1121 409 epistulam
1134 359 1304 408 subsequi
1328 359 1470 398 litteras

178 417 223 453 ad
254 418 334 455 Att.
361 418 471 455 XIII.
502 419 561 465 19,
592 423 683 456 extr.
709 418 769 465 22,
795 419 830 455 3.
864 418 925 465 23,
950 419 986 454 2.
1018 419 1077 455 24.
1111 418 1172 464 25,
1198 419 1230 455 3.
1263 419 1322 455 35.
1353 418 1471 455 elucet

178 487 223 511 ex
247 476 305 523 iis,
331 488 424 524 quae
440 476 484 514 de
503 476 607 513 libris
622 476 780 514 Varroni
801 476 896 514 datis
912 488 994 514 cum
1010 476 1135 514 Attico
1152 477 1469 515 communicantur.

177 535 287 582 paulo
316 536 430 583 igitur
446 540 530 583 post
545 536 634 572 Idus
652 535 776 577 Quint.
796 536 931 572 Brutus
949 534 1097 572 Caesari
1122 536 1266 572 obviam
1290 536 1469 583 profectus

178 593 285 629 rediit
322 594 470 630 ineunte
507 605 629 629 mense
666 593 808 640 Sextili,
824 593 851 640 ¹)
893 593 1004 629 nullis
1040 594 1180 630 interea
1216 593 1382 641 epistulis
1420 593 1467 630 ad

178 649 385 688 Ciceronem
409 652 531 687 missis
556 652 619 699 (ad
645 653 721 689 Att.
739 651 849 689 XIII.
875 651 935 698 39,
961 651 1025 699 2):
1053 651 1239 699 „Romsm,
1265 655 1306 688 ut
1329 663 1466 698 censes,

177 710 333 756 veniam,
360 710 420 746 sed
446 711 602 756 invitus.)
628 709 734 746 valde
759 712 855 746 enim
879 710 918 745 in
934 710 1120 747 scribendo
1136 710 1276 748 haereo.
1303 710 1468 757 Brutum,

176 768 310 815 inquis,
348 768 483 805 eadem.
521 767 662 806 scilicit.
702 768 763 804 sed
796 768 868 804 nisi
901 767 968 805 hoc
1000 771 1107 815 esset,
1132 780 1191 805 res
1215 780 1273 805 me
1297 768 1371 805 ista
1394 781 1467 805 non

177 830 340 873 cogeret3
378 838 445 862 nec
470 826 565 862 enim
589 826 672 861 inde
704 826 817 872 venit,
837 825 930 861 unde
955 825 1112 872 mallem,
1137 837 1253 873 neque
1278 825 1339 862 diu
1363 826 1468 873 afuit,

177 897 294 931 neque
318 886 439 921 ullam
465 885 635 921 litteram
661 884 716 920 ad
736 896 804 922 me.
830 883 892 921 sed
916 888 1039 921 tamen
1057 885 1147 921 scire
1164 896 1267 932 aveo,
1288 884 1407 933 qualis
1432 886 1466 924 ei

177 945 289 980 totius
313 945 455 980 itineris
480 955 620 978 summa
648 943 789 979 fuerit.“
829 944 903 978 iam
940 955 1006 979 nos
1043 943 1116 979 fere
1152 943 1236 979 inde
1271 944 1319 979 ab
1343 944 1469 980 Idibus

178 1001 379 1038 Sextilibus
405 1013 518 1049 usque
543 1000 589 1037 ad
613 1000 720 1038 finem
742 1001 829 1037 anni
846 1000 1023 1048 epistulae
1040 1000 1085 1037 ad
1101 1000 1265 1038 Atticum
1281 1000 1468 1040 deficiunt3

177 1065 300 1098 tamen
326 1073 369 1097 ex
396 1060 575 1105 omnibus,
613 1072 705 1107 quae
743 1072 851 1106 supra
883 1060 926 1096 de
952 1059 1117 1106 epistulis
1147 1060 1191 1096 ad
1217 1061 1369 1098 Brutum
1402 1061 1469 1097 hoc

177 1131 272 1154 anno
297 1119 393 1154 datis
418 1118 538 1164 attuli,
564 1118 773 1154 sumendum
799 1121 856 1154 est
871 1121 930 1153 sat
954 1117 1088 1154 multas
1111 1119 1206 1154 inter
1230 1130 1269 1154 se
1294 1118 1469 1165 epistulas

178 1176 384 1213 Ciceronem
410 1180 448 1213 et
472 1176 624 1213 Brutum
651 1176 846 1224 scripsisse.

275 1235 465 1281 Epistulae
478 1235 601 1281 igitur,
612 1246 701 1281 quas
710 1246 803 1270 anno
815 1235 885 1271 709
894 1235 1046 1280 scriptas
1057 1235 1272 1280 invenimus,
1286 1240 1371 1272 sunt
1382 1236 1467 1271 hae:

297 1292 333 1337 1)
358 1291 598 1328 consolatoria
624 1292 729 1328 Bruti
753 1303 875 1327 mense
899 1291 1033 1327 Martio
1059 1295 1217 1339 accepta,

295 1350 335 1399 2)
362 1349 543 1387 Ciceronis
560 1351 682 1387 eodem
708 1363 830 1387 mense
854 1351 1039 1397 rescripta,

296 1410 336 1456 3)
363 1409 609 1457 obiurgatoris.
634 1409 739 1445 Bruti
766 1420 887 1445 mense
912 1409 1011 1444 Maio
1036 1408 1132 1455 data,

293 1469 335 1516 4)
360 1480 569 1515 responsum
595 1466 776 1504 Ciceronis
802 1467 924 1504 eodem
949 1479 1071 1504 mense
1095 1468 1279 1515 scriptum,

297 1527 335 1573 5)
359 1526 465 1563 Bruti
490 1527 533 1562 de
558 1526 714 1563 adventu
742 1539 806 1562 suo
832 1529 985 1563 exeunte
1001 1538 1131 1563 ‘mense
1158 1527 1256 1563 Maio
1285 1531 1322 1564 et

295 1585 336 1631 6)
362 1585 467 1621 Bruti
491 1585 534 1621 de
559 1590 674 1621 morte
700 1585 862 1620 Marcelli
886 1596 1007 1620 mense
1031 1585 1056 1621 J
1058 1585 1141 1621 unio
1166 1586 1332 1633 scriptae,

297 1645 338 1690 7)
365 1643 545 1679 Ciceronis
570 1644 717 1679 ineunte
742 1655 863 1679 mense
888 1642 1044 1684 Quintili
1069 1643 1163 1681 data.

298 1722 322 1760 ¹)
346 1722 424 1751 Cum
443 1722 557 1750 mirum
577 1722 611 1750 in
631 1721 761 1750 modum
783 1721 961 1759 discrepent
980 1721 1116 1750 editores
1132 1721 1170 1750 de
1191 1724 1367 1760 temporum
1388 1724 1468 1751 serie

178 1772 394 1809 epistularum,
424 1772 469 1799 sic
490 1770 692 1799 statuendum
718 1778 786 1799 esse
808 1771 966 1800 existimo.
997 1771 1030 1798 in
1050 1771 1100 1806 iis,
1131 1779 1212 1807 quae
1238 1779 1334 1808 supra
1360 1774 1469 1800 eontra

176 1820 396 1849 Drumannum
416 1819 536 1855 monui,
557 1818 770 1848 demonstravi
795 1818 891 1857 paulo
917 1821 988 1857 post
1015 1818 1089 1847 Idus
1116 1818 1222 1855 Quint.
1247 1818 1381 1848 Brutum
1401 1828 1469 1849 esse

176 1870 361 1907 profectum,
392 1877 525 1905 cumque
557 1877 628 1896 eum
655 1877 719 1896 non
751 1868 807 1896 diu
837 1868 954 1897 afuisse
981 1867 1088 1897 Cicero
1110 1868 1194 1897 dicat
1220 1868 1275 1906 (ad
1296 1868 1363 1898 Att.
1383 1869 1467 1898 XIII.

175 1918 224 1954 39,
244 1918 286 1954 2),
311 1919 345 1946 in
366 1917 533 1956 propatulo
561 1920 608 1946 est
634 1925 706 1945 eum
730 1918 860 1945 ineunte
889 1925 995 1945 mense
1021 1916 1104 1946 Sext.
1134 1917 1267 1946 Romam
1291 1919 1467 1949 revertisse.

177 1966 319 1995 Caesaris
350 1970 454 1995 autem
486 1966 639 1994 adventus
671 1966 808 2003 primum
839 1965 1081 2003 exspectabatur
1105 1966 1139 1994 in
1164 1965 1235 1995 Kal.
1256 1965 1391 1995 Sextiles
1412 1966 1469 2003 (sd

176 2015 242 2044 Att.
263 2015 346 2045 XIII.
366 2015 415 2051 21,
429 2015 471 2051 6).
493 2017 524 2043 et
543 2014 681 2052 Lepidus
703 2014 831 2051 quidem
852 2014 912 2043 hac
932 2014 1087 2047 decausa
1102 2014 1284 2043 Ciceronem
1296 2014 1368 2046 Kal.
1382 2015 1469 2044 Sext.

175 2066 208 2093 in
239 2067 350 2093 senatu
376 2064 486 2092 adesse
512 2063 590 2099 vult,
622 2063 708 2100 quod
730 2062 844 2092 Caesar
864 2063 925 2092 hoc
946 2063 998 2092 dle
1022 2063 1216 2093 adventurus
1238 2072 1305 2093 esse
1324 2067 1468 2102 putstur3

176 2123 204 2142 a.
224 2113 254 2142 d.
275 2112 358 2141 VIII.
378 2112 447 2141 Kal.
469 2112 554 2141 Sext.
575 2112 725 2141 Asturam
746 2112 903 2150 proficisci
923 2113 1066 2150 cogitans
1082 2111 1190 2141 Cicero
1211 2113 1329 2141 veritus
1351 2116 1408 2150 est,
1427 2122 1468 2141 ne

176 2161 290 2191 Caesar
310 2162 414 2191 subito
436 2161 704 2200 appropinquaret
726 2161 780 2198 (ad
802 2160 868 2190 Att.
891 2161 973 2191 XIII.
994 2160 1033 2191 38
1052 2162 1086 2190 in
1107 2161 1168 2191 fine
1189 2161 1237 2199 51,
1257 2161 1301 2199 2),
1322 2162 1378 2199 qui
1398 2165 1466 2192 tum

175 2215 247 2239 ante
268 2211 361 2239 ludos
383 2211 541 2239 Romanos
562 2211 610 2246 (ex
624 2208 733 2247 'pridie
759 2210 843 2241 Non.
863 2210 948 2247 Sept.
976 2219 1076 2247 usque
1103 2210 1144 2239 ad
1163 2210 1266 2248 pridie
1286 2210 1361 2239 Idus
1383 2210 1468 2248 Sept.

175 2259 248 2287 vide
268 2259 334 2288 Liv.
355 2258 378 2288 L
399 2258 447 2295 35,
468 2258 496 2294 9,
515 2258 662 2296 Fogginii
688 2258 788 2287 fastos
808 2268 839 2296 p.
860 2258 929 2294 113)
959 2261 1109 2287 venturus
1137 2258 1238 2288 dlctus
1260 2261 1307 2288 est
1326 2258 1380 2296 (ad
1398 2257 1465 2288 Att-

176 2308 257 2337 xm.
276 2307 326 2345 45,
348 2310 375 2339 1.
394 2307 444 2345 46,
464 2307 492 2339 2.
513 2306 561 2344 50,
582 2307 614 2344 3)
636 2311 667 2337 et
686 2307 805 2337 Romae
827 2307 937 2337 adesse
957 2308 1084 2337 videtur
1104 2309 1228 2338 circiter
1241 2308 1316 2338 Idus
1331 2308 1466 2338 Sextiles

176 2357 232 2387 (nd
252 2356 318 2386 Att.
338 2356 421 2386 XIII.
442 2356 480 2385 47
489 2358 519 2393 a)
548 2358 651 2394 prius,
678 2365 773 2393 quem
803 2360 1000 2394 exspectatus
1027 2360 1074 2386 est
1100 2358 1153 2393 (ad
1173 2358 1248 2386 fam.
1267 2357 1339 2387 VII.
1358 2357 1406 2394 25,
1427 2357 1468 2394 1).
