1627 2679
1408 3 1411 7 ·
1464 4 1467 11 =
1499 0 1622 28 2¹-vfflze:=‘

735 159 928 189 -32-

183 257 227 293 de
252 257 408 302 homine,
433 257 616 304 familiari,
641 258 674 292 si
697 257 741 293 de
766 269 814 294 re.
845 257 1017 293 familiari
1040 270 1105 305 pro
1130 257 1306 293 familiare
1329 250 1475 293 Brutus

184 316 240 351 ad
266 316 484 352 Caesarem:
523 325 584 351 ”a
608 315 754 363 Scaptio
788 315 958 351 familiari
987 325 1117 353 meos«
1155 315 1328 352 habemus
1360 316 1476 363 igitur

182 375 375 422 epistulam
399 375 507 411 Bruti
532 374 578 411 ad
603 373 805 420 Caesarem,
842 387 950 422 quam
975 376 1014 410 in
1049 375 1225 422 singulari
1249 374 1356 411 Bruti
1379 375 1472 422 epis-

181 433 340 469 tularum
366 445 510 480 corpore
537 434 721 469 exstitisse
737 433 886 470 affirmo.
912 445 996 469 nam
1021 434 1131 469 etiam
1150 445 1169 469 e
1186 433 1378 470 Plutarcho
1401 432 1473 468 dis-
1530 448 1533 451 ⁴

181 494 295 529 cimus
321 495 463 540 praeter
488 491 669 529 Ciceronis
694 491 741 528 ad
765 492 919 528 Brutum
945 491 1119 539 epistulas
1145 495 1183 528 et
1206 495 1358 539 praeter·
1378 493 1472 539 epis-

180 552 278 586 tulas
296 551 453 587 Graecas
471 551 561 586 alias
579 552 763 586 exstitisse
779 550 886 586 Bruti
902 551 1089 597 epistulas.
1114 551 1268 597 legimus
1285 550 1393 598 (Brut
1409 550 1470 597 2):

184 605 222 654 ἢὸ
246 607 445 656 δἘμπυλος,
463 603 500 645 οὗ
516 607 577 644 καὶ
594 606 697 651 αὐτὸς
707 609 742 644 ἐν
753 612 832 650 ταῖς
847 609 1039 650 ἐπιστολαῖς
1054 607 1115 645 καὶ
1131 608 1162 645 οἱ
1178 608 1266 656 φίλοι
1286 609 1474 655 μέμνηνται.

181 665 344 710 πολλάκις
380 663 426 709 ὧς
466 665 682 714 συμβιοῦντος
723 664 827 716 αὐτῷ,
869 666 980 714 ῥήτωρ
1021 661 1097 714 ἧν.“
1142 670 1179 702 et
1219 667 1297 714 ipse
1336 666 1471 703 Brutus

179 728 293 773 igitur
326 731 363 761 et
396 727 473 760 eius
507 727 614 761 amici
647 737 753 772 saepe
787 727 826 760 in
859 725 1025 771 epistulis
1060 727 1276 761 mentionem
1311 725 1472 761 fecerunt

179 783 346 831 Empyli3
377 783 440 819 sed
464 784 504 818 in
537 783 703 831 epistulis
729 781 911 820 Ciceronis
945 795 1123 831 nusquam
1157 795 1286 820 nomen
1319 783 1469 831 Empyli

179 844 344 888 occurrit,
377 843 488 879 semel
518 844 663 879 omnino
689 855 711 878 a
736 841 906 879 Cicerone
931 844 970 878 in
1001 843 1133 889 scripto
1158 854 1254 878 nunc
1287 842 1470 890 deperdito

179 902 327 938 affertur
352 901 495 948 (Quint.
521 901 569 938 X.
593 902 629 946 6,
646 902 706 948 4);
732 913 839 948 quam
865 901 911 937 ob
928 913 1002 936 rem
1020 914 1092 937 non
1109 913 1216 948 saepe
1232 901 1366 937 Brutus
1383 902 1472 938 Em-

178 960 257 1008 pyli
281 961 501 996 mentionem
533 961 572 995 in
597 959 763 1008 epistulis
795 959 841 996 ad
867 958 1073 996 Ciceronem
1107 963 1144 996 et
1174 959 1340 996 Atticum
1374 959 1469 997 datis

178 1020 305 1055 fecisse
330 1019 484 1054 videtur.
510 1022 612 1065 patet
628 1020 741 1065 igitur
766 1019 853 1054 olim
871 1020 981 1054 etiam
998 1019 1104 1054 Bruti
1121 1019 1295 1065 epistulas
1315 1019 1362 1054 ad
1379 1019 1469 1055 alios

178 1079 311 1114 amicos
328 1081 437 1124 atque
454 1076 499 1112 ad
517 1076 725 1113 Ciceronem
746 1081 782 1113 et
799 1078 963 1114 Atticum
980 1077 1091 1113 lectas
1108 1089 1197 1113 esse.
1223 1078 1355 1114 iterum
1377 1079 1469 1125 epis-

177 1137 292 1172 tulam
319 1136 498 1183 quandam
524 1136 569 1171 ad
595 1137 727 1172 amicos
748 1136 963 1171 Plutarchus
980 1139 1233 1171 commemorat
1258 1136 1367 1184 (Brut
1384 1137 1467 1182 53):

182 1195 316 1240 ηκαίτοι
341 1194 480 1242 φέρεταί
503 1206 556 1236 τις
579 1191 733 1241 ἐπιςτολὴ
751 1193 898 1241 Βρούτου
923 1191 1005 1241 πρὸς
1020 1192 1100 1236 τοὺς
1116 1194 1230 1241 φίλους
1246 1193 1470 1240 ἐγκαλοῦντος

176 1252 238 1290 καὶ
272 1252 511 1301 ὀλοφυρομένου
546 1252 622 1300 περί
653 1251 718 1300 τῆς
749 1253 911 1300 Πορκίας,
944 1249 990 1295 ὦς
1021 1251 1252 1300 ἀμεληῖῖείσης
1274 1249 1326 1290 ὑπ’
1356 1251 1468 1290 αὐτῶν

177 1312 237 1349 καί
253 1313 478 1360 προελομένης
494 1308 551 1348 διὰ
567 1311 660 1348 νόσον
677 1313 875 1348 καταλιπεῖν
892 1308 950 1348 τὸν
966 1311 1045 1356 βίον.
1072 1310 1176 1348 ἔοικεν
1193 1305 1249 1348 οὖν
1266 1308 1283 1348 ὃ
1300 1310 1469 1355 Νικόλαος

112 1375 115 1378 “
176 1371 377 1419 ἠγνοηκέναι
410 1371 469 1408 τὸν
502 1371 629 1419 χρόνον·
666 1369 738 1407 ἐπεὶ
773 1370 812 1407 τό
846 1384 886 1417 γε
918 1370 1035 1413 adiro<
1064 1370 1124 1407 καί
1163 1369 1222 1407 τὸν
1263 1370 1373 1418 ἔρωτα
1406 1371 1469 1418 τῆς

175 1427 331 1476 γυναικὸς
363 1429 423 1466 καί
456 1428 516 1466 τὸν
548 1428 671 1477 τρόπον
703 1428 767 1476 τῆς
799 1428 958 1476 τελευτῆς
990 1426 1171 1476 ὑπονοῆσαι
1206 1429 1319 1466 δίδωσι
1343 1428 1403 1466 καὶ
1427 1426 1467 1466 τὸ

178 1488 380 1535 ἕπιστόλιον,
405 1487 495 1536 εἴπερ
514 1486 583 1536 ἄρα
605 1487 673 1525 τῶν
698 1487 840 1535 γνησίων
865 1488 988 1525 ἐστίν.“
1022 1501 1113 1535 quae
1130 1488 1240 1524 verba
1265 1490 1318 1524 ita
1344 1493 1465 1525 verto:

179 1551 363 1593 „attamen
381 1548 538 1594 epistula
555 1547 728 1594 quaedam
747 1547 853 1583 Bruti
878 1547 923 1582 ad
940 1549 1073 1583 amicos
1099 1548 1222 1593 fertur,
1247 1549 1466 1595 increpantis

175 1609 212 1642 et
239 1607 420 1652 querentis
448 1606 611 1641 Porciam
638 1606 684 1641 ab
708 1606 783 1641 illis
808 1606 1009 1653 neglectam
1034 1605 1209 1652 deponere
1236 1608 1360 1651 vitam,
1386 1619 1466 1643 cum

175 1667 391 1712 aegrotaret,
417 1664 631 1711 praetulisse
656 1664 720 1712 (sc.
746 1663 870 1710 vitae).
897 1664 1069 1700 Nicolaus
1094 1665 1206 1712 igitur
1236 1669 1378 1712 tempus
1412 1666 1465 1713 ig-

178 1734 325 1757 norasse
351 1722 505 1766 videtur,
540 1723 624 1768 quia
649 1725 686 1757 et
712 1724 824 1756 animi
856 1722 1017 1756 ardorem
1050 1725 1087 1757 et
1120 1734 1276 1757 amorem
1311 1723 1465 1758 feminae

175 1782 213 1816 et
232 1781 359 1816 mortis
385 1781 561 1816 rationem
586 1780 709 1828 aliqua
725 1792 770 1816 ex
787 1783 890 1828 parte
911 1781 1022 1816 etiam
1039 1780 1198 1828 epistula
1213 1780 1279 1817 illa
1295 1781 1464 1827 ostendit,

175 1840 207 1874 si
233 1838 376 1886 quidem
393 1841 550 1886 genuina
567 1842 655 1876 est.“
684 1839 877 1875 Plutarcho
894 1841 1006 1886 igitur
1022 1852 1232 1886 persuasum
1252 1845 1330 1876 crat
1355 1842 1464 1877 etiam

173 1898 266 1933 hanc
291 1897 483 1945 epistulam
509 1899 637 1933 testari
668 1897 833 1933 Porciam
859 1897 930 1933 sibi
962 1901 1112 1934 mortem
1144 1899 1371 1946 conscivisse,
1402 1899 1465 1935 sed

173 1969 334 2004 pugnare
344 1960 468 1993 contra
480 1958 651 2003 temporis
665 1958 841 1993 rationem
850 1957 1005 1993 Nicolai.
1019 1970 1234 2004 quamquam
1248 1972 1319 1994 non
1329 1961 1463 2005 apertis

173 2015 293 2050 verbis
312 2014 502 2049 Nicolaum
520 2014 783 2049 Damascenum
801 2027 945 2050 narrare
961 2019 1077 2052 morte
1094 2016 1200 2052 Bruti
1216 2018 1361 2064 cognita
1377 2017 1463 2053 Por-

173 2074 264 2109 ciam
283 2073 355 2109 sibi
380 2085 508 2108 manus
533 2073 701 2109 intulisse
719 2073 933 2110 Plutarchus
958 2074 1081 2120 tradit,
1107 2078 1229 2111 tamen
1254 2075 1321 2112 hoo
1338 2088 1383 2111 ex
1403 2077 1463 2121 iis,

173 2142 264 2177 quae
276 2130 505 2176 antecedunt,
520 2132 734 2176 perspicitur
759 2131 923 2178 idemque
932 2132 1071 2167 Valerii
1083 2133 1236 2167 Maximi
1249 2133 1343 2179 quod
1360 2133 1462 2169 affer-

172 2193 232 2224 tur
249 2189 498 2224 testimonium
515 2187 693 2234 declarat3
719 2201 802 2225 nam
826 2191 858 2226 is
876 2194 1041 2227 accurate
1066 2190 1154 2227 dicit
1171 2191 1256 2239 (IV.
1277 2191 1330 2240 6):
1360 2196 1463 2237 „tuos

172 2260 312 2293 quoque
339 2249 560 2283 castissimos
585 2249 699 2293 ignes,
726 2249 852 2283 Porcia
876 2250 926 2285 M.
947 2249 1094 2285 Catonis
1118 2250 1206 2294 filia,
1232 2253 1360 2285 cuncta
1385 2262 1461 2285 sae-

172 2305 253 2340 cula
272 2304 395 2341 debita
412 2305 648 2342 admiratione
665 2310 946 2354 prosequuntur:
961 2319 1052 2355 quae
1065 2320 1146 2345 cum
1164 2308 1259 2356 apud
1276 2308 1461 2357 Philippos

173 2366 427 2411 interemptum
453 2367 570 2400 virum
596 2369 698 2400 tuum
725 2378 965 2412 cognosceres,
992 2369 1076 2413 quia
1100 2368 1232 2402 ferrum
1257 2380 1328 2403 non
1353 2368 1461 2403 daba-
