1627 2679
231 846 322 883 Cum
346 846 553 882 novissimis
578 846 683 881 annis
708 845 822 880 denuo
852 845 1093 881 controversia
1117 844 1160 879 de
1186 845 1400 881 auctoritate

114 904 360 953 epistularum,
387 915 479 951 quae
508 906 654 940 exstant
678 902 724 938 ad
740 902 792 939 M.
812 901 976 949 Brutum,
1003 905 1083 938 orta
1100 902 1159 948 sit,
1185 913 1293 949 quam
1318 914 1401 950 spes

115 966 171 1000 est
193 962 269 999 fore
293 966 336 999 ut
366 962 556 999 coniuncta
592 961 751 997 virorum
782 960 965 997 doctorum
990 971 1098 1008 opera
1121 960 1266 996 tandem
1291 961 1402 998 conti-

115 1025 244 1068 cescat,
268 1033 341 1057 non
366 1020 524 1057 alienum
550 1031 628 1056 esse
652 1019 794 1055 videtur
818 1019 1016 1066 inquirere,
1049 1018 1167 1065 qualis
1191 1018 1301 1055 fuerit
1324 1023 1403 1056 tota

116 1079 160 1115 ad
185 1079 236 1115 M.
253 1079 408 1115 Brutum
434 1077 670 1125 epistularum
695 1075 884 1123 συναγωγή.
911 1077 1065 1113 strictim
1088 1077 1201 1124 igitur
1225 1077 1404 1125 attingam

116 1149 170 1183 ea,
205 1148 297 1184 quae
321 1137 395 1172 iam
420 1136 466 1171 ab
500 1135 583 1171 aliis
606 1138 764 1172 tractata
794 1138 891 1180 sunt,
933 1135 1135 1171 accuratius
1160 1135 1336 1171 disserens
1361 1135 1404 1170 de

99 1190 181 1241 eis,
207 1206 299 1242 quae
323 1194 412 1230 mihi
436 1194 505 1230 huc
530 1205 642 1240 usque
668 1193 832 1241 neglecta
857 1204 935 1229 esse
959 1192 1136 1230 videntur.

744 1328 776 1365 I.

234 1399 369 1434 Facere
381 1410 453 1433 non
463 1409 620 1444 possum,
638 1397 724 1443 quin
737 1397 891 1444 primum
910 1397 1034 1443 paucis
1047 1396 1267 1442 adumbrem,
1287 1396 1405 1444 qualis

119 1468 183 1505 per
207 1460 406 1504 temporum
429 1455 526 1492 vices
543 1453 722 1492 Ciceronis
747 1457 784 1491 et
807 1454 913 1491 Bruti
935 1453 1164 1492 familiaritas
1188 1455 1307 1492 fuerit.

720 1553 801 1590 703.

208 1660 212 1664 ,
235 1621 420 1657 Drumann
439 1619 468 1668 ¹)
493 1631 606 1668 usque
631 1620 676 1656 ad
700 1631 833 1656 annum
856 1619 926 1657 703
943 1618 1105 1656 Ciceroni
1129 1632 1244 1668 paene
1268 1620 1405 1657 nullam

118 1680 361 1718 intercessisse
393 1679 677 1716 familiaritatem
714 1692 794 1715 cum
831 1680 882 1715 M.
908 1679 1021 1715 Bruto
1059 1679 1157 1725 dicit,
1195 1691 1261 1727 ego
1298 1680 1406 1726 plane

118 1738 256 1774 nullam
280 1737 434 1783 affirmo;
465 1748 549 1772 nam
574 1736 808 1784 epistularum
842 1736 1057 1773 consuetudo
1090 1748 1212 1772 eorum
1236 1749 1310 1773 non
1333 1737 1406 1773 nisi

119 1796 235 1833 medio
259 1808 353 1832 anno
373 1795 443 1833 703
467 1795 613 1832 initium
630 1795 741 1843 capit,
766 1807 838 1831 non
863 1794 957 1842 quod
980 1795 1055 1830 iam
1071 1795 1232 1831 amicitia
1255 1795 1350 1832 inter
1366 1807 1406 1831 se

96 1850 100 1853 ⁵
120 1855 300 1892 coniuncti
317 1855 403 1900 sint,
428 1854 490 1889 sed
515 1855 600 1900 quia
616 1854 750 1890 Brutus
775 1865 798 1889 a
821 1853 991 1889 familiari
1006 1864 1084 1899 suo,
1099 1852 1237 1899 Attico,
1261 1854 1406 1900 petivit,

120 1916 162 1950 ut
186 1925 225 1949 ss
249 1911 413 1949 Ciceroni
436 1924 501 1960 pro
527 1911 672 1949 consule
702 1912 741 1948 in
766 1910 929 1949 Ciliciam
961 1911 1180 1960 provinciam
1204 1911 1405 1959 profecturo

120 1972 393 2009 commendaret.
430 1972 523 2019 quod
558 1975 708 2019 apparet
737 1983 757 2006 e
782 1970 962 2007 Ciceronis
995 1970 1114 2006 verbis
1151 1970 1211 2017 (ad
1235 1972 1311 2007 Att.
1337 1970 1407 2016 VI,

124 2033 156 2076 1,
182 2030 256 2077 3.):
298 2042 413 2077 „nunc
445 2031 551 2066 venio
586 2029 632 2065 ad
660 2029 824 2076 Brutum,
862 2040 968 2077 quem
997 2040 1062 2077 ego
1096 2028 1192 2064 omni
1221 2028 1340 2065 studio
1368 2033 1406 2066 te

121 2093 266 2127 auctore
283 2101 362 2125 sum
379 2088 595 2136 complexus,
613 2101 719 2136 quem
735 2089 846 2125 etiam
863 2100 983 2124 amare
999 2085 1215 2135 coeperam.“
1235 2088 1408 2125 accedunt

121 2159 176 2194 ea,
197 2159 289 2194 quae
304 2159 399 2183 anno
418 2148 490 2184 704
517 2148 556 2182 in
576 2146 704 2183 Cilicia
734 2145 856 2182 Cicero
886 2146 931 2182 ad
947 2145 1121 2192 Cassium,
1148 2146 1210 2192 qui
1226 2146 1408 2194 superiore

122 2217 215 2242 anno
233 2217 252 2242 e
270 2204 378 2253 Syria
395 2205 548 2242 Romam
565 2206 727 2253 revertit,
745 2205 890 2253 scripsit
905 2205 965 2254 (ad
981 2204 1064 2242 fam.
1078 2203 1163 2242 XV.
1184 2205 1231 2241 14
1246 2205 1286 2241 in
1301 2204 1407 2253 fine):

125 2265 298 2310 „accessit
321 2268 404 2312 post
427 2268 530 2301 tuum
546 2264 740 2300 discessum
756 2264 984 2300 familiaritas
1004 2263 1092 2299 mihi
1107 2276 1187 2300 cum
1207 2264 1320 2301 Bruto
1344 2267 1408 2301 tuo

242 2351 265 2390 ¹)
286 2352 463 2382 Drumann:
485 2351 670 2381 Geschichte
689 2352 786 2381 Rome
806 2352 860 2382 lv.
880 2361 911 2391 p.
931 2352 981 2382 20.

1295 2413 1311 2440 1
