1627 2679
716 143 909 174 -37-

173 240 298 289 „doleo
322 240 471 277 Asiam¹⁴
505 242 641 289 primae
670 242 823 290 paginae
855 244 892 278 et
923 243 1006 289 post
1035 241 1146 277 verba
1179 240 1289 286 „mihi
1320 239 1441 276 crede“

116 294 119 296 ’
172 299 321 337 alterius
345 300 497 348 paginae
513 299 686 348 quaedam
702 299 936 348 deperierunt.
962 312 1033 336 non
1056 301 1196 348 pugnat
1218 302 1342 335 contra
1357 291 1470 335 hanc*

173 359 389 396 sententiam
412 371 553 395 summa
567 359 791 405 litterarum;
814 359 985 396 habemus
1002 360 1097 396 enim
1122 360 1161 394 in
1177 359 1294 406 prima
1316 358 1450 405 pagina.

173 417 287 466 („non
312 417 401 454 erit“
429 438 477 444 —-
505 410 693 467 „Asiam“)
720 417 812 454 1238
837 418 988 465 litteras,
1024 419 1062 453 in
1088 417 1202 454 altera
1231 415 1332 466 („sed
1356 418 1448 464 qu0“

172 497 222 504 —
248 475 357 523 „mihi
382 475 525 524 crede‘)
553 477 657 514 1303.
691 477 816 513 folium
839 478 951 524 igitur
975 489 1086 512 unum
1110 475 1304 512 effecerunt
1337 475 1451 512 verba

173 546 196 570 a
223 546 315 569 «non
339 535 432 569 erit»
461 546 572 581 usque
601 534 646 571 ad
685 535 801 571 «mihi
824 535 965 570 crede».
1003 536 1262 581 transpositum
1295 537 1351 570 est
1385 533 1451 569 hoc

172 591 295 629 modo:
321 604 343 629 a
366 593 452 629 folio
477 592 611 641 duplici
628 596 796 641 quattuor
818 595 968 642 paginas
993 593 1167 630 efficiente
1189 592 1279 629 duae
1296 593 1449 640 paginae

172 650 353 687 abscissae
378 654 473 697 sunt,
505 664 594 699 quae
618 655 697 688 tum
720 664 884 699 perverse
909 654 1063 688 insertae
1088 655 1173 688 sunt
1195 653 1260 698 ita,
1286 654 1327 687 ut
1350 652 1447 698 prior

171 709 305 757 pagina
328 709 476 746 alterius
508 710 624 746 locum
659 710 845 747 obtineret.
884 710 977 758 quod
1001 712 1034 746 si
1063 711 1214 758 quaeris,
1252 721 1343 757 quae
1373 711 1448 745 sint

175 767 310 804 alterae
342 767 433 804 duae
467 770 632 816 paginae,
660 780 683 804 a
715 768 843 816 quibus
876 769 942 805 hoc
971 769 1092 805 folium
1128 769 1239 817 („non
1276 769 1365 804 erit“
1397 789 1445 794 —-

177 826 289 873 „mihi
303 826 444 876 crede“)
469 827 665 863 abscissum
682 828 766 873 fuit,
791 827 881 862 duae
898 828 1093 874 excogitari
1111 829 1260 874 possunt
1277 827 1450 872 rationes;

173 887 238 921 aut
261 884 328 921 hae
353 884 444 921 duae
468 876 619 933 paginae
637 885 873 922 exhibuerunt
889 885 1000 921 verba
1014 884 1096 921 inde
1114 885 1159 921 ab
1180 891 1243 920 ‹at
1262 885 1301 920 in
1318 885 1449 920 Asiam

175 956 297 980 censeo
317 944 646 991 persequendum»,
672 946 726 980 ita
750 947 792 981 ut
816 944 903 981 haec
927 947 1023 980 esset
1046 945 1155 980 series
1180 943 1344 979 foliorum

283 1105 388 1136 folium
407 1106 435 1138 Ι.
570 1080 674 1137 sosium
695 1107 735 1137 11.
867 1107 969 1136 felium
990 1106 1048 1136 111.
1169 1106 1270 1137 folium
1293 1106 1346 1137 IV.

222 1233 263 1266 11.
278 1234 304 1264 1.
318 1233 410 1272 „Cum
419 1234 492 1265 haec
524 1234 567 1266 11.
587 1234 607 1264 4
627 1244 704 1271 „non
724 1194 809 1266 erit.¹
853 1234 893 1265 11.
914 1234 942 1264 5.
965 1236 1014 1271 „at
1033 1235 1066 1264 in

263 1287 442 1318 scribebam“
564 1287 610 1319 Id.
632 1287 749 1327 April.“
847 1287 952 1318 Asiam
972 1297 1074 1318 censeo

834 1341 1081 1382 persequendum‘

283 1449 374 1479 usque
393 1439 429 1470 ad
583 1449 674 1479 usque
694 1440 732 1471 ad
943 1449 1038 1478 usque
1058 1439 1094 1470 ad
1124 1439 1211 1469 finem

243 1548 421 1584 „monstrum
441 1547 471 1577 in
528 1546 590 1583 „sin
611 1555 674 1577 eam
698 1547 790 1578 semel
1127 1545 1391 1583 „imitationomtui

239 1600 388 1641 republica
408 1603 469 1631 osv*
512 1601 590 1641 cepit
602 1600 676 1630 mihi
690 1599 800 1631 crede.“
1115 1599 1200 1631 xm.
1212 1599 1279 1631 Kal.
1293 1599 1401 1630 Maias‘*

240 1655 282 1685 Π.
302 1655 330 1687 2.
350 1655 383 1685 in
401 1654 467 1685 fine.
503 1672 515 1728 Ι
614 1654 656 1685 ΙΙ.
677 1655 706 1685 4.
982 1685 984 1687 ,
1108 1674 1112 1730 Ι
1145 1654 1186 1686 ΙΙ.
1208 1655 1235 1685 7.
1256 1655 1288 1684 in
1307 1654 1375 1684 fine.

613 1759 1016 1785 ψ-ἐ

353 1787 1279 1815 ῂ-Ἦ--Α

172 1890 237 1923 aut
261 1887 440 1924 abscissae
465 1890 550 1923 sunt
581 1887 672 1928 duae
697 1888 850 1934 paginae
875 1899 968 1923 nunc
1002 1886 1216 1934 deperditae,
1250 1888 1290 1922 in
1320 1886 1447 1933 quibus

171 1947 390 1982 exstiterunt
406 1945 516 1983 verba
532 1945 719 1993 epistulae,
737 1946 837 1982 cuius
854 1946 936 1982 finis
953 1948 1009 1982 est
1029 1958 1121 1994 „non
1138 1947 1216 1983 erit.
1238 1944 1292 1982 Id.
1310 1944 1449 1992 April“.

171 2005 268 2051 prior
292 2005 385 2040 ratio
411 2017 483 2040 non
499 2004 593 2039 male
611 2015 649 2040 se
665 2004 791 2050 habet3
817 2004 923 2040 finem
941 2005 1116 2051 epistulae
1133 2004 1184 2041 Π.
1202 2005 1225 2040 2
1249 2008 1326 2040 tum
1342 2002 1451 2039 verba

174 2074 266 2110 „non
291 2063 370 2099 erit.
397 2061 451 2099 Id.
476 2061 619 2109 Apri1.“
649 2061 811 2098 efficiunt
835 2065 874 2098 et
896 2062 971 2099 levi
995 2065 1196 2099 correctura
1219 2062 1293 2098 dies
1318 2061 1449 2108 epistu-

170 2120 228 2156 lae
252 2120 426 2157 secundae
450 2122 594 2157 restitui
618 2123 739 2168 potest
766 2121 859 2167 „111.
886 2121 941 2157 Id.
968 2121 1108 2169 Aprffl.
1135 2121 1197 2157 sed
1221 2133 1299 2157 cum
1323 2120 1451 2155 lacuna

170 2180 211 2214 in
234 2177 305 2215 fine
329 2178 504 2226 epistulae
521 2178 695 2215 secundae
715 2182 833 2215 exstet
856 2182 940 2226 post
955 2179 1064 2216 verba.
1085 2181 1142 2225 „in
1160 2178 1339 2226 republica
1358 2179 1446 2223 est‚“

172 2248 263 2284 quae
287 2238 401 2286 primo
435 2237 521 2274 folio
546 2237 658 2274 tribui
682 2250 753 2274 non
777 2240 909 2286 potest,
942 2240 1026 2286 quia
1049 2249 1192 2274 necesse
1216 2239 1272 2272 est
1295 2239 1373 2272 tum
1396 2248 1449 2272 re-

170 2296 343 2344 spondeat
366 2296 448 2333 huic
473 2296 586 2333 altera
617 2296 747 2333 lacuna
760 2297 799 2333 in
815 2296 885 2333 fine
911 2297 1086 2345 epistulae
1103 2297 1237 2344 primae
1262 2298 1325 2332 aut
1345 2296 1450 2331 initio

172 2354 348 2403 epistulae
387 2355 572 2405 secundae,
609 2355 796 2393 dicendum
832 2359 927 2393 esset
963 2357 1071 2393 etiam
1104 2357 1142 2391 in
1175 2355 1290 2391 fronte
1323 2354 1451 2392 dilace-
