1627 2679
712 163 908 192 ...12—

162 261 326 299 ciendam
349 261 467 297 lucem
492 271 570 296 esse
595 263 813 298 revocatum.
839 264 948 307 atque
961 263 1003 296 ut
1018 263 1102 308 post
1114 258 1337 296 Cannensem
1352 258 1454 295 illam

164 319 406 356 calamitatem
435 318 590 365 primum
615 317 780 353 Marcelli
816 317 861 353 ad
887 317 1017 354 Nolam
1054 317 1190 364 proelio
1226 316 1379 365 populus
1415 328 1455 353 se

162 378 350 422 Romanus
374 376 490 412 erexit
514 379 711 423 posteaque
731 387 922 423 prosperae
947 387 1004 412 res
1029 375 1195 423 deinceps
1213 374 1350 412 multae
1374 386 1455 411 con·
1524 377 1526 380 ’
1593 380 1596 382 ’

163 439 308 472 secutae
333 437 429 481 sunt,
455 435 507 471 sic
532 438 614 483 post
637 446 756 471 rerum
773 438 976 471 nostrarum
994 438 1031 471 et
1047 434 1288 471 communium
1313 433 1453 482 gravis-

162 495 273 530 simos
290 505 395 530 casus
411 493 504 529 nihil
521 497 604 530 ante
617 492 809 540 epistulam
820 492 927 530 Bruti
939 493 1028 529 mihi
1044 492 1185 540 accidit,
1211 492 1305 540 quod
1321 491 1454 529 vellem

163 557 229 589 aut
252 552 347 600 quod
372 552 497 600 aliqua
522 564 566 589 ex
591 556 694 600 parte
719 551 978 588 sollicitudines
1004 551 1189 588 adlevaret
1212 553 1346 589 meas.“
1372 564 1454 588 con·

164 611 374 657 siderantes,
388 610 511 657 qualia
530 614 693 658 tempora
712 610 962 658 depingantur,
989 610 1233 658 intellegimus
1250 621 1331 646 cum
1355 609 1454 646 clade

163 668 345 706 Cannensi
369 669 568 716 comparari
580 681 738 717 pugnam
755 669 849 716 apud
862 668 1074 705 Pharsalum
1085 665 1320 715 commissam,
1347 680 1455 715 quam

163 727 287 763 Cicero
312 728 351 763 in
376 739 522 763 numero
552 728 849 775 gravissimorum
884 738 1031 763 casuum
1067 739 1185 762 rerum
1216 727 1455 763 communium

162 786 284 832 ponit;
318 790 356 822 et
381 786 443 832 qui
474 786 548 822 sint
572 797 677 822 casus
706 797 825 821 rerum
855 784 1048 831 Ciceronis,
1083 785 1188 822 facile
1212 785 1453 832 cognoscitur:

162 844 236 880 iam
261 845 357 880 enim
381 844 575 881 divortium
608 856 688 881 cum
713 844 882 881 Terentia
912 843 1113 881 faciendum
1144 847 1263 881 mente
1288 843 1454 891 agitabat

164 903 228 949 (ad
244 905 320 939 Att.
338 903 407 939 XI.
426 903 486 947 16,
508 903 558 950 5),
584 903 712 944 Quinti
729 907 766 939 et
790 907 893 949 pater
918 906 956 938 et
979 902 1075 938 filius
1100 914 1139 938 se
1160 902 1264 938 fratri
1290 902 1454 938 inimicos

162 960 385 1008 praebebant
410 961 473 1008 (ad
498 963 573 998 Att.
600 961 669 998 XI.
696 962 731 1007 5,
749 962 784 998 4.
810 961 845 1007 8,
863 961 898 997 2.
924 961 959 1007 9,
977 960 1012 996 2.
1039 960 1099 1007 16,
1116 962 1151 997 4.
1177 961 1237 1007 21,
1257 961 1308 1008 1),
1333 959 1454 996 Tullia

163 1020 375 1067 aegrotabat
400 1019 462 1069 (ad
487 1022 562 1057 Att.
590 1020 659 1056 XI.
686 1021 721 1066 6,
746 1020 800 1067 4),
835 1020 880 1055 ad
904 1020 992 1056 haec
1017 1020 1138 1056 omnia
1163 1019 1324 1066 accessit,
1361 1019 1454 1066 quod

162 1077 241 1125 ipse
266 1078 450 1114 Brundisii
475 1079 787 1115 commorationem
819 1090 926 1125 aegre
951 1079 1070 1114 ferens
1097 1078 1289 1124 nesciebat,
1321 1090 1390 1125 quo
1415 1078 1454 1113 in

162 1148 201 1171 se
226 1137 346 1172 animo
372 1140 468 1176 esset
487 1136 631 1173 Caesar.
657 1149 701 1172 ex
715 1137 845 1183 quibus
865 1136 970 1172 facile
987 1136 1211 1184 perspicitur,
1237 1148 1307 1183 quo
1324 1136 1450 1172 nuntio

162 1194 298 1230 Brutus
316 1193 497 1231 Ciceronis
515 1195 674 1239 animum
692 1195 922 1240 excitaverit3
948 1195 1114 1230 nuntium
1140 1195 1217 1230 dico
1242 1195 1285 1230 de
1303 1193 1454 1230 Caesare

160 1252 380 1300 indulgente.
407 1265 624 1301 quamquam
648 1253 715 1290 hoc
739 1265 804 1289 nos
823 1253 916 1289 celat
933 1252 1056 1290 Cicero
1082 1253 1344 1301 epistulamque
1370 1265 1451 1289 con-

163 1311 366 1348 solatricem
405 1317 442 1348 et
478 1313 708 1349 hortatricem
747 1312 834 1349 dicit
871 1312 1009 1358 (confer
1033 1311 1104 1349 Cic.
1133 1312 1236 1348 Brut.
1262 1312 1322 1358 96,
1353 1312 1453 1359 330),

162 1374 285 1406 tamen
304 1382 449 1407 necesse
465 1375 522 1407 cst
541 1383 724 1406 sumamus
738 1370 835 1406 aliud
849 1371 1054 1417 accessisse,
1067 1370 1160 1418 quod
1170 1370 1303 1407 litteris
1316 1370 1454 1418 pondus

162 1428 349 1475 addiderit,
359 1429 496 1466 scilicet
509 1441 570 1465 eas
592 1442 664 1465 non
677 1441 772 1466 vana
792 1429 924 1466 solatia
940 1429 999 1465 sed
1019 1428 1157 1465 firmam
1176 1429 1282 1466 fidem
1303 1429 1452 1465 dedisse.

163 1488 319 1535 epistula
343 1489 455 1536 igitur
480 1493 536 1525 est
560 1489 705 1537 scripta,
731 1492 923 1537 postquam
940 1488 1074 1525 Brutus
1091 1488 1247 1525 Nicaeae
1265 1487 1454 1536 Caesarem

162 1548 331 1583 convenit
357 1547 540 1584 Pharnace
570 1547 663 1595 apud
689 1547 813 1583 Zelam
845 1559 878 1584 a.
905 1547 937 1584 d.
964 1547 1031 1584 IV.
1057 1547 1182 1584 Nonas
1213 1546 1371 1584 Sextiles
1396 1547 1453 1583 de-

163 1606 270 1642 victo.
297 1609 404 1652 atque
430 1610 525 1642 certe
550 1606 638 1643 haec
655 1606 811 1654 epistula
828 1609 984 1643 testatur
1001 1606 1291 1642 consuetudinem
1315 1605 1453 1642 littera-

162 1676 241 1698 rum
278 1665 389 1700 fuisse
415 1664 577 1701 Ciceroni
615 1669 652 1701 et
685 1665 810 1711 Bruto,
849 1665 909 1700 sed
945 1677 1018 1700 non
1056 1664 1197 1700 crebras
1231 1676 1309 1700 esse
1346 1664 1450 1701 datas

163 1723 349 1770 epistulas.

768 1831 850 1867 708.

280 1898 528 1935 Pervenerunt
543 1899 586 1935 ad
605 1911 670 1935 nos
685 1899 860 1948 epistulae
874 1911 968 1935 anno
983 1899 1053 1936 708
1067 1899 1110 1935 ad
1123 1900 1275 1936 Brutum
1293 1900 1398 1937 datae
1414 1901 1452 1937 in

162 1957 253 1993 libro
279 1958 343 1993 illo
368 1959 476 1995 tertio
502 1959 637 1994 decimo
664 1959 709 1994 ad
734 1959 929 1994 familiares
946 1959 1120 2006 epistulas
1141 1959 1452 1996 commendatitias

161 2017 353 2054 exhibente
370 2017 560 2066 (10—14).
587 2018 697 2054 etiam
714 2017 806 2054 alias
825 2018 892 2055 hoc
908 2030 1001 2055 anno
1023 2018 1197 2066 epistulas
1210 2030 1288 2055 esse
1300 2019 1452 2067 scriptas

161 2087 226 2112 nos
251 2075 351 2112 locus
376 2077 414 2112 in
440 2088 495 2124 ep.
522 2077 567 2112 ad
592 2076 672 2113 Att.
694 2077 799 2114 XIV.
821 2077 880 2123 20,
906 2078 929 2113 3
955 2077 1072 2114 docet:
1102 2078 1211 2124 „quin
1236 2078 1346 2113 etiam
1370 2090 1451 2114 cum

160 2135 275 2183 ipsius
300 2135 465 2182 precibus
491 2146 605 2183 paene
631 2135 803 2172 adductus
820 2136 1043 2183 scripsissem
1059 2135 1104 2171 ad
1130 2147 1212 2171 eum
1236 2136 1299 2172 »de
1316 2136 1451 2184 optimo

160 2205 290 2240 genere
315 2194 490 2241 dicendi«,
528 2207 600 2229 non
626 2194 729 2229 modo
755 2194 855 2240 mihi,
893 2194 955 2230 sed
986 2195 1095 2230 etiam
1120 2195 1190 2230 tibi
1214 2195 1358 2242 scripsit
1382 2194 1453 2230 sibi

160 2252 261 2299 illud,
288 2252 381 2300 quod
407 2253 497 2289 mihi
521 2253 690 2301 placeret,
715 2265 788 2288 non
813 2253 990 2301 probari.“
1008 2253 1139 2290 dantur
1163 2253 1275 2301 igitur
1300 2257 1338 2290 et
1361 2255 1451 2290 acci-

159 2312 307 2359 piuntur
331 2313 519 2360 epistulae,
552 2313 591 2348 in
617 2312 747 2359 quibus
772 2325 852 2348 cum
884 2312 926 2348 de
951 2312 1033 2348 aliis
1059 2312 1178 2358 rebus,
1205 2317 1282 2349 tum
1307 2313 1350 2349 de
1376 2312 1452 2349 elo-

161 2372 309 2417 quentia
334 2372 454 2419 agitur
479 2371 579 2418 (vide
604 2372 697 2407 infra
722 2384 756 2419 p.
784 2371 860 2418 22).
