<?xml version="1.0" encoding="UTF-8"?>
<!DOCTYPE html PUBLIC "-//W3C//DTD XHTML 1.0 Transitional//EN"
    "http://www.w3.org/TR/xhtml1/DTD/xhtml1-transitional.dtd">
<html xmlns="http://www.w3.org/1999/xhtml" xml:lang="en" lang="en">
 <head>
  <title>
</title>
<meta http-equiv="Content-Type" content="text/html;charset=utf-8" />
  <meta name='ocr-system' content='tesseract 3.04.00' />
  <meta name='ocr-capabilities' content='ocr_page ocr_carea ocr_par ocr_line ocrx_word'/>
</head>
<body>
  <div class='ocr_page' id='page_1' title='image "4737803_0048.png"; bbox 0 0 1627 2679; ppageno 0'>
   <div class='ocr_carea' id='block_1_1' title="bbox 174 244 1460 761">
    <p class='ocr_par' dir='ltr' id='par_1_1' title="bbox 174 244 1460 761">
     <span class='ocr_line' id='line_1_1' title="bbox 176 244 1458 296; baseline 0.002 -15"><span class='ocrx_word' id='word_1_1' title='bbox 176 247 293 281; x_wconf 83' lang='lat' dir='ltr'>ratum</span> <span class='ocrx_word' id='word_1_2' title='bbox 318 257 396 281; x_wconf 89' lang='lat' dir='ltr'>esse</span> <span class='ocrx_word' id='word_1_3' title='bbox 420 245 546 282; x_wconf 86' lang='lat' dir='ltr'>folium</span> <span class='ocrx_word' id='word_1_4' title='bbox 570 246 623 284; x_wconf 87' lang='lat' dir='ltr'>H.</span> <span class='ocrx_word' id='word_1_5' title='bbox 648 246 758 296; x_wconf 83' lang='lat' dir='ltr'>(„non</span> <span class='ocrx_word' id='word_1_6' title='bbox 776 248 866 283; x_wconf 85' lang='lat' dir='ltr'>erit“</span> <span class='ocrx_word' id='word_1_7' title='bbox 894 268 941 274; x_wconf 94' lang='lat'><strong>—</strong></span> <span class='ocrx_word' id='word_1_8' title='bbox 970 247 1080 294; x_wconf 78' lang='lat' dir='ltr'>„mihi</span> <span class='ocrx_word' id='word_1_9' title='bbox 1096 244 1252 292; x_wconf 75' lang='lat' dir='ltr'>orede“).</span> <span class='ocrx_word' id='word_1_10' title='bbox 1279 249 1319 283; x_wconf 83' lang='lat' dir='ltr'>at</span> <span class='ocrx_word' id='word_1_11' title='bbox 1336 248 1458 283; x_wconf 73' lang='lat' dir='ltr'>statuo</span> 
     </span>
     <span class='ocr_line' id='line_1_2' title="bbox 175 303 1457 353; baseline 0.002 -14"><span class='ocrx_word' id='word_1_12' title='bbox 175 316 247 340; x_wconf 88' lang='lat' dir='ltr'>non</span> <span class='ocrx_word' id='word_1_13' title='bbox 271 304 353 351; x_wconf 91' lang='lat' dir='ltr'>plus</span> <span class='ocrx_word' id='word_1_14' title='bbox 378 317 488 340; x_wconf 89' lang='lat' dir='ltr'>unum</span> <span class='ocrx_word' id='word_1_15' title='bbox 508 316 652 341; x_wconf 85' lang='lat' dir='ltr'>versum</span> <span class='ocrx_word' id='word_1_16' title='bbox 669 305 843 342; x_wconf 76' lang='lat' dir='ltr'><strong>excidisse</strong></span> <span class='ocrx_word' id='word_1_17' title='bbox 865 309 903 342; x_wconf 89' lang='lat' dir='ltr'>et</span> <span class='ocrx_word' id='word_1_18' title='bbox 926 308 1009 353; x_wconf 86' lang='lat' dir='ltr'>post</span> <span class='ocrx_word' id='word_1_19' title='bbox 1024 305 1136 342; x_wconf 86' lang='lat' dir='ltr'>verba</span> <span class='ocrx_word' id='word_1_20' title='bbox 1155 304 1277 352; x_wconf 83' lang='lat' dir='ltr'>„doleo</span> <span class='ocrx_word' id='word_1_21' title='bbox 1293 303 1457 352; x_wconf 76' lang='lat' dir='ltr'>Asiam,⁸</span> 
     </span>
     <span class='ocr_line' id='line_1_3' title="bbox 175 362 1460 411; baseline 0.002 -13"><span class='ocrx_word' id='word_1_22' title='bbox 175 374 255 399; x_wconf 93' lang='lat' dir='ltr'>cum</span> <span class='ocrx_word' id='word_1_23' title='bbox 279 362 386 399; x_wconf 89' lang='lat' dir='ltr'>huius</span> <span class='ocrx_word' id='word_1_24' title='bbox 413 364 613 400; x_wconf 86' lang='lat' dir='ltr'>sententiae</span> <span class='ocrx_word' id='word_1_25' title='bbox 630 363 712 400; x_wconf 89' lang='lat' dir='ltr'>finis</span> <span class='ocrx_word' id='word_1_26' title='bbox 737 365 786 400; x_wconf 89' lang='lat' dir='ltr'>sit</span> <span class='ocrx_word' id='word_1_27' title='bbox 815 376 900 410; x_wconf 83' lang='lat' dir='ltr'>„nos</span> <span class='ocrx_word' id='word_1_28' title='bbox 926 365 1125 411; x_wconf 78' lang='lat' dir='ltr'>amisisse“,</span> <span class='ocrx_word' id='word_1_29' title='bbox 1141 364 1172 411; x_wconf 87' lang='lat'>¹)</span> <span class='ocrx_word' id='word_1_30' title='bbox 1198 366 1235 400; x_wconf 90' lang='lat' dir='ltr'>et</span> <span class='ocrx_word' id='word_1_31' title='bbox 1249 365 1333 411; x_wconf 81' lang='lat' dir='ltr'>pest</span> <span class='ocrx_word' id='word_1_32' title='bbox 1348 363 1460 400; x_wconf 80' lang='lat' dir='ltr'>verba</span> 
     </span>
     <span class='ocr_line' id='line_1_4' title="bbox 178 421 1457 470; baseline 0 -14"><span class='ocrx_word' id='word_1_33' title='bbox 178 421 288 467; x_wconf 85' lang='lat' dir='ltr'>„mihi</span> <span class='ocrx_word' id='word_1_34' title='bbox 312 421 447 467; x_wconf 85' lang='lat' dir='ltr'>crede‚“</span> <span class='ocrx_word' id='word_1_35' title='bbox 476 434 568 470; x_wconf 88' lang='lat' dir='ltr'>quae</span> <span class='ocrx_word' id='word_1_36' title='bbox 592 435 664 458; x_wconf 91' lang='lat' dir='ltr'>non</span> <span class='ocrx_word' id='word_1_37' title='bbox 689 422 813 458; x_wconf 90' lang='lat' dir='ltr'>multis</span> <span class='ocrx_word' id='word_1_38' title='bbox 837 423 1052 458; x_wconf 75' lang='lat' dir='ltr'>intermissis</span> <span class='ocrx_word' id='word_1_39' title='bbox 1077 422 1304 468; x_wconf 86' lang='lat' dir='ltr'>excipiuntur</span> <span class='ocrx_word' id='word_1_40' title='bbox 1337 421 1457 457; x_wconf 74' lang='lat' dir='ltr'>verbis</span> 
     </span>
     <span class='ocr_line' id='line_1_5' title="bbox 178 479 1457 529; baseline 0.002 -15"><span class='ocrx_word' id='word_1_41' title='bbox 178 482 239 526; x_wconf 88' lang='lat' dir='ltr'>„at</span> <span class='ocrx_word' id='word_1_42' title='bbox 262 480 302 515; x_wconf 91' lang='lat' dir='ltr'>in</span> <span class='ocrx_word' id='word_1_43' title='bbox 326 479 454 516; x_wconf 85' lang='lat' dir='ltr'>Asiam</span> <span class='ocrx_word' id='word_1_44' title='bbox 484 492 609 518; x_wconf 89' lang='lat' dir='ltr'>censeo</span> <span class='ocrx_word' id='word_1_45' title='bbox 634 480 949 529; x_wconf 83' lang='lat' dir='ltr'>persequendum.“</span> <span class='ocrx_word' id='word_1_46' title='bbox 983 481 1040 517; x_wconf 89' lang='lat' dir='ltr'>sin</span> <span class='ocrx_word' id='word_1_47' title='bbox 1069 479 1221 517; x_wconf 83' lang='lat' dir='ltr'>dicimus</span> <span class='ocrx_word' id='word_1_48' title='bbox 1251 479 1376 516; x_wconf 86' lang='lat' dir='ltr'>folium</span> <span class='ocrx_word' id='word_1_49' title='bbox 1406 479 1457 517; x_wconf 87' lang='grc' dir='ltr'>ΙΙ.</span> 
     </span>
     <span class='ocr_line' id='line_1_6' title="bbox 175 537 1459 584; baseline 0 -11"><span class='ocrx_word' id='word_1_50' title='bbox 175 539 286 573; x_wconf 84' lang='lat' dir='ltr'>etiam</span> <span class='ocrx_word' id='word_1_51' title='bbox 310 539 348 573; x_wconf 90' lang='lat' dir='ltr'>in</span> <span class='ocrx_word' id='word_1_52' title='bbox 384 539 500 574; x_wconf 86' lang='lat' dir='ltr'>fronte</span> <span class='ocrx_word' id='word_1_53' title='bbox 530 540 641 574; x_wconf 88' lang='lat' dir='ltr'>fuisse</span> <span class='ocrx_word' id='word_1_54' title='bbox 674 539 918 584; x_wconf 83' lang='lat' dir='ltr'>dilaceratum,</span> <span class='ocrx_word' id='word_1_55' title='bbox 957 539 1026 573; x_wconf 88' lang='lat' dir='ltr'>duo</span> <span class='ocrx_word' id='word_1_56' title='bbox 1063 549 1188 573; x_wconf 83' lang='lat' dir='ltr'>versus</span> <span class='ocrx_word' id='word_1_57' title='bbox 1223 539 1318 573; x_wconf 80' lang='lat' dir='ltr'>inter</span> <span class='ocrx_word' id='word_1_58' title='bbox 1348 537 1459 573; x_wconf 72' lang='lat' dir='ltr'>verba</span> 
     </span>
     <span class='ocr_line' id='line_1_7' title="bbox 177 594 1458 643; baseline 0 -12"><span class='ocrx_word' id='word_1_59' title='bbox 177 594 301 641; x_wconf 88' lang='lat' dir='ltr'>„doleo</span> <span class='ocrx_word' id='word_1_60' title='bbox 331 595 480 632; x_wconf 88' lang='lat' dir='ltr'>Asiam“</span> <span class='ocrx_word' id='word_1_61' title='bbox 514 599 552 633; x_wconf 91' lang='lat' dir='ltr'>et</span> <span class='ocrx_word' id='word_1_62' title='bbox 584 609 671 643; x_wconf 88' lang='lat' dir='ltr'>„nos</span> <span class='ocrx_word' id='word_1_63' title='bbox 705 597 889 633; x_wconf 88' lang='lat' dir='ltr'>amisisse“</span> <span class='ocrx_word' id='word_1_64' title='bbox 922 595 1148 642; x_wconf 81' lang='lat' dir='ltr'>exciderunt3</span> <span class='ocrx_word' id='word_1_65' title='bbox 1182 595 1330 642; x_wconf 85' lang='lat' dir='ltr'>accedit,</span> <span class='ocrx_word' id='word_1_66' title='bbox 1364 594 1458 643; x_wconf 80' lang='lat' dir='ltr'>quod</span> 
     </span>
     <span class='ocr_line' id='line_1_8' title="bbox 174 654 1459 703; baseline 0 -14"><span class='ocrx_word' id='word_1_67' title='bbox 174 655 330 701; x_wconf 89' lang='lat' dir='ltr'>primum</span> <span class='ocrx_word' id='word_1_68' title='bbox 345 655 469 691; x_wconf 87' lang='lat' dir='ltr'>folium</span> <span class='ocrx_word' id='word_1_69' title='bbox 497 656 620 703; x_wconf 89' lang='lat' dir='ltr'>(„cum</span> <span class='ocrx_word' id='word_1_70' title='bbox 645 656 733 692; x_wconf 87' lang='lat' dir='ltr'>haec</span> <span class='ocrx_word' id='word_1_71' title='bbox 755 656 973 692; x_wconf 83' lang='lat' dir='ltr'>scribebam“</span> <span class='ocrx_word' id='word_1_72' title='bbox 1006 676 1048 682; x_wconf 92' lang='lat'>—</span> <span class='ocrx_word' id='word_1_73' title='bbox 1078 656 1137 701; x_wconf 92' lang='lat' dir='ltr'>„in</span> <span class='ocrx_word' id='word_1_74' title='bbox 1157 654 1339 701; x_wconf 82' lang='lat' dir='ltr'>republica</span> <span class='ocrx_word' id='word_1_75' title='bbox 1363 654 1459 701; x_wconf 85' lang='lat' dir='ltr'>est“)</span> 
     </span>
     <span class='ocr_line' id='line_1_9' title="bbox 175 712 1458 761; baseline 0 -14"><span class='ocrx_word' id='word_1_76' title='bbox 175 713 272 748; x_wconf 84' lang='lat'>2604</span> <span class='ocrx_word' id='word_1_77' title='bbox 297 712 439 748; x_wconf 77' lang='lat' dir='ltr'>litteras</span> <span class='ocrx_word' id='word_1_78' title='bbox 465 714 636 760; x_wconf 83' lang='lat' dir='ltr'>continet,</span> <span class='ocrx_word' id='word_1_79' title='bbox 662 726 733 749; x_wconf 87' lang='lat' dir='ltr'>una.</span> <span class='ocrx_word' id='word_1_80' title='bbox 758 715 870 761; x_wconf 88' lang='lat' dir='ltr'>igitur</span> <span class='ocrx_word' id='word_1_81' title='bbox 893 714 1027 761; x_wconf 83' lang='lat' dir='ltr'>pagina</span> <span class='ocrx_word' id='word_1_82' title='bbox 1054 713 1163 758; x_wconf 80' lang='lat'>13023</span> <span class='ocrx_word' id='word_1_83' title='bbox 1189 713 1311 760; x_wconf 81' lang='lat' dir='ltr'>itaque</span> <span class='ocrx_word' id='word_1_84' title='bbox 1336 723 1458 748; x_wconf 86' lang='lat' dir='ltr'>conoe-</span> 
     </span>
    </p>
   </div>
   <div class='ocr_carea' id='block_1_2' title="bbox 173 769 1491 820">
    <p class='ocr_par' dir='ltr' id='par_1_2' title="bbox 173 769 1491 820">
     <span class='ocr_line' id='line_1_10' title="bbox 173 769 1491 820; baseline 0.002 -15"><span class='ocrx_word' id='word_1_85' title='bbox 173 769 327 806; x_wconf 86' lang='lat' dir='ltr'>dendum</span> <span class='ocrx_word' id='word_1_86' title='bbox 352 773 408 807; x_wconf 88' lang='lat' dir='ltr'>est</span> <span class='ocrx_word' id='word_1_87' title='bbox 432 784 504 808; x_wconf 89' lang='lat' dir='ltr'>non</span> <span class='ocrx_word' id='word_1_88' title='bbox 521 772 637 809; x_wconf 88' lang='lat' dir='ltr'>multa</span> <span class='ocrx_word' id='word_1_89' title='bbox 653 773 692 808; x_wconf 88' lang='lat' dir='ltr'>in</span> <span class='ocrx_word' id='word_1_90' title='bbox 716 772 801 809; x_wconf 88' lang='lat' dir='ltr'>folio</span> <span class='ocrx_word' id='word_1_91' title='bbox 818 771 971 809; x_wconf 86' lang='lat' dir='ltr'>secundo</span> <span class='ocrx_word' id='word_1_92' title='bbox 995 771 1197 820; x_wconf 82' lang='lat' dir='ltr'>deperiisse,</span> <span class='ocrx_word' id='word_1_93' title='bbox 1223 771 1324 808; x_wconf 87' lang='lat' dir='ltr'>ouius</span> <span class='ocrx_word' id='word_1_94' title='bbox 1345 770 1459 807; x_wconf 85' lang='lat' dir='ltr'>altera</span> <span class='ocrx_word' id='word_1_95' title='bbox 1489 773 1491 775; x_wconf 83' lang='grc'><strong>’</strong></span> 
     </span>
    </p>
   </div>
   <div class='ocr_carea' id='block_1_3' title="bbox 170 828 1459 1347">
    <p class='ocr_par' dir='ltr' id='par_1_3' title="bbox 170 828 1459 1347">
     <span class='ocr_line' id='line_1_11' title="bbox 173 828 1459 878; baseline -0.001 -13"><span class='ocrx_word' id='word_1_96' title='bbox 173 831 308 876; x_wconf 88' lang='lat' dir='ltr'>pagina</span> <span class='ocrx_word' id='word_1_97' title='bbox 335 830 428 866; x_wconf 85' lang='lat'>1303</span> <span class='ocrx_word' id='word_1_98' title='bbox 454 831 595 867; x_wconf 80' lang='lat' dir='ltr'>litteras</span> <span class='ocrx_word' id='word_1_99' title='bbox 621 833 792 869; x_wconf 85' lang='lat' dir='ltr'>continet.</span> <span class='ocrx_word' id='word_1_100' title='bbox 824 843 915 878; x_wconf 86' lang='lat' dir='ltr'>quae</span> <span class='ocrx_word' id='word_1_101' title='bbox 941 833 973 866; x_wconf 89' lang='lat' dir='ltr'>si</span> <span class='ocrx_word' id='word_1_102' title='bbox 997 832 1219 878; x_wconf 78' lang='lat' dir='ltr'>respicimus,</span> <span class='ocrx_word' id='word_1_103' title='bbox 1249 828 1459 866; x_wconf 87' lang='lat' dir='ltr'>sumendum</span> 
     </span>
     <span class='ocr_line' id='line_1_12' title="bbox 173 886 1459 938; baseline 0 -16"><span class='ocrx_word' id='word_1_104' title='bbox 173 890 229 923; x_wconf 88' lang='lat' dir='ltr'>est</span> <span class='ocrx_word' id='word_1_105' title='bbox 261 886 349 923; x_wconf 86' lang='lat' dir='ltr'>duas</span> <span class='ocrx_word' id='word_1_106' title='bbox 382 890 534 936; x_wconf 83' lang='lat' dir='ltr'>paginas</span> <span class='ocrx_word' id='word_1_107' title='bbox 568 889 746 925; x_wconf 81' lang='lat' dir='ltr'>abscissas</span> <span class='ocrx_word' id='word_1_108' title='bbox 779 902 801 925; x_wconf 92' lang='lat' dir='ltr'>a</span> <span class='ocrx_word' id='word_1_109' title='bbox 833 889 919 925; x_wconf 87' lang='lat' dir='ltr'>folio</span> <span class='ocrx_word' id='word_1_110' title='bbox 949 889 1001 927; x_wconf 89' lang='grc' dir='ltr'>Π.</span> <span class='ocrx_word' id='word_1_111' title='bbox 1036 889 1147 938; x_wconf 90' lang='lat' dir='ltr'>(„non</span> <span class='ocrx_word' id='word_1_112' title='bbox 1178 889 1268 925; x_wconf 84' lang='lat' dir='ltr'>erit“</span> <span class='ocrx_word' id='word_1_113' title='bbox 1298 908 1342 914; x_wconf 91' lang='lat'><em>-</em></span> <span class='ocrx_word' id='word_1_114' title='bbox 1370 886 1459 923; x_wconf 90' lang='lat' dir='ltr'>mihi</span> 
     </span>
     <span class='ocr_line' id='line_1_13' title="bbox 174 945 1456 995; baseline -0.002 -13"><span class='ocrx_word' id='word_1_115' title='bbox 174 945 317 994; x_wconf 87' lang='lat' dir='ltr'>crede“)</span> <span class='ocrx_word' id='word_1_116' title='bbox 331 947 537 984; x_wconf 83' lang='lat' dir='ltr'>exhibuisse</span> <span class='ocrx_word' id='word_1_117' title='bbox 550 948 656 984; x_wconf 90' lang='lat' dir='ltr'>finem</span> <span class='ocrx_word' id='word_1_118' title='bbox 671 949 847 995; x_wconf 81' lang='lat' dir='ltr'>epistulae</span> <span class='ocrx_word' id='word_1_119' title='bbox 864 948 1038 984; x_wconf 87' lang='lat' dir='ltr'>secundae</span> <span class='ocrx_word' id='word_1_120' title='bbox 1055 951 1092 983; x_wconf 90' lang='lat' dir='ltr'>et</span> <span class='ocrx_word' id='word_1_121' title='bbox 1107 947 1229 993; x_wconf 84' lang='lat' dir='ltr'>verba,</span> <span class='ocrx_word' id='word_1_122' title='bbox 1248 958 1339 993; x_wconf 89' lang='lat' dir='ltr'>quae</span> <span class='ocrx_word' id='word_1_123' title='bbox 1356 949 1456 981; x_wconf 81' lang='lat' dir='ltr'>ante-</span> 
     </span>
     <span class='ocr_line' id='line_1_14' title="bbox 175 1002 1456 1053; baseline 0 -15"><span class='ocrx_word' id='word_1_124' title='bbox 175 1007 359 1040; x_wconf 89' lang='lat' dir='ltr'>cesserunt</span> <span class='ocrx_word' id='word_1_125' title='bbox 384 1005 515 1051; x_wconf 82' lang='lat' dir='ltr'>verbis,</span> <span class='ocrx_word' id='word_1_126' title='bbox 547 1018 640 1051; x_wconf 88' lang='lat' dir='ltr'>„non</span> <span class='ocrx_word' id='word_1_127' title='bbox 667 1007 756 1042; x_wconf 88' lang='lat' dir='ltr'>erit“</span> <span class='ocrx_word' id='word_1_128' title='bbox 785 1018 915 1053; x_wconf 89' lang='lat' dir='ltr'>easque</span> <span class='ocrx_word' id='word_1_129' title='bbox 938 1017 1015 1041; x_wconf 89' lang='lat' dir='ltr'>esse</span> <span class='ocrx_word' id='word_1_130' title='bbox 1040 1004 1253 1053; x_wconf 85' lang='lat' dir='ltr'>deperditas.</span> <span class='ocrx_word' id='word_1_131' title='bbox 1280 1002 1456 1039; x_wconf 87' lang='lat' dir='ltr'>desidera-</span> 
     </span>
     <span class='ocr_line' id='line_1_15' title="bbox 172 1060 1457 1112; baseline 0.001 -14"><span class='ocrx_word' id='word_1_132' title='bbox 172 1074 252 1099; x_wconf 89' lang='lat' dir='ltr'>mus</span> <span class='ocrx_word' id='word_1_133' title='bbox 273 1062 380 1100; x_wconf 84' lang='lat' dir='ltr'>Bruti</span> <span class='ocrx_word' id='word_1_134' title='bbox 396 1064 589 1112; x_wconf 79' lang='lat' dir='ltr'>epistulam</span> <span class='ocrx_word' id='word_1_135' title='bbox 614 1064 736 1102; x_wconf 87' lang='lat' dir='ltr'>datam</span> <span class='ocrx_word' id='word_1_136' title='bbox 754 1078 785 1103; x_wconf 91' lang='lat' dir='ltr'>a.</span> <span class='ocrx_word' id='word_1_137' title='bbox 808 1064 840 1101; x_wconf 87' lang='lat' dir='ltr'>d.</span> <span class='ocrx_word' id='word_1_138' title='bbox 858 1066 931 1101; x_wconf 86' lang='lat' dir='ltr'>fere</span> <span class='ocrx_word' id='word_1_139' title='bbox 949 1065 1022 1103; x_wconf 77' lang='lat' dir='ltr'>VI:</span> <span class='ocrx_word' id='word_1_140' title='bbox 1033 1064 1088 1102; x_wconf 87' lang='lat' dir='ltr'>Id.</span> <span class='ocrx_word' id='word_1_141' title='bbox 1105 1064 1258 1100; x_wconf 83' lang='lat' dir='ltr'>Martias</span> <span class='ocrx_word' id='word_1_142' title='bbox 1276 1062 1345 1110; x_wconf 90' lang='lat' dir='ltr'>(IL</span> <span class='ocrx_word' id='word_1_143' title='bbox 1362 1062 1398 1108; x_wconf 87' lang='lat'>4,</span> <span class='ocrx_word' id='word_1_144' title='bbox 1416 1060 1457 1107; x_wconf 86' lang='lat'>1)</span> 
     </span>
     <span class='ocr_line' id='line_1_16' title="bbox 170 1120 1459 1170; baseline -0.001 -14"><span class='ocrx_word' id='word_1_145' title='bbox 170 1121 312 1157; x_wconf 87' lang='lat' dir='ltr'>scilicet</span> <span class='ocrx_word' id='word_1_146' title='bbox 350 1134 442 1168; x_wconf 88' lang='lat' dir='ltr'>eam,</span> <span class='ocrx_word' id='word_1_147' title='bbox 481 1135 587 1170; x_wconf 88' lang='lat' dir='ltr'>quam</span> <span class='ocrx_word' id='word_1_148' title='bbox 625 1125 771 1159; x_wconf 87' lang='lat' dir='ltr'>nuntios</span> <span class='ocrx_word' id='word_1_149' title='bbox 808 1127 1011 1159; x_wconf 81' lang='lat' dir='ltr'>nostrarum</span> <span class='ocrx_word' id='word_1_150' title='bbox 1044 1135 1161 1159; x_wconf 87' lang='lat' dir='ltr'>rerum</span> <span class='ocrx_word' id='word_1_151' title='bbox 1192 1126 1229 1158; x_wconf 90' lang='lat' dir='ltr'>et</span> <span class='ocrx_word' id='word_1_152' title='bbox 1265 1120 1309 1156; x_wconf 84' lang='lat' dir='ltr'>de</span> <span class='ocrx_word' id='word_1_153' title='bbox 1345 1121 1459 1156; x_wconf 85' lang='lat' dir='ltr'>morte</span> 
     </span>
     <span class='ocr_line' id='line_1_17' title="bbox 175 1177 1457 1229; baseline 0 -15"><span class='ocrx_word' id='word_1_154' title='bbox 175 1178 346 1215; x_wconf 84' lang='lat' dir='ltr'>Trebonii</span> <span class='ocrx_word' id='word_1_155' title='bbox 379 1192 457 1217; x_wconf 89' lang='lat' dir='ltr'>esse</span> <span class='ocrx_word' id='word_1_156' title='bbox 486 1182 564 1229; x_wconf 89' lang='lat' dir='ltr'>ipse</span> <span class='ocrx_word' id='word_1_157' title='bbox 597 1181 704 1228; x_wconf 85' lang='lat' dir='ltr'>dicit,</span> <span class='ocrx_word' id='word_1_158' title='bbox 742 1185 779 1218; x_wconf 92' lang='lat' dir='ltr'>et</span> <span class='ocrx_word' id='word_1_159' title='bbox 803 1181 945 1218; x_wconf 81' lang='lat' dir='ltr'>litteras</span> <span class='ocrx_word' id='word_1_160' title='bbox 976 1180 1156 1218; x_wconf 84' lang='lat' dir='ltr'>Ciceronis</span> <span class='ocrx_word' id='word_1_161' title='bbox 1187 1192 1219 1217; x_wconf 86' lang='lat' dir='ltr'>a.</span> <span class='ocrx_word' id='word_1_162' title='bbox 1251 1178 1284 1216; x_wconf 89' lang='lat' dir='ltr'>d.</span> <span class='ocrx_word' id='word_1_163' title='bbox 1310 1177 1377 1216; x_wconf 88' lang='lat' dir='ltr'>VI.</span> <span class='ocrx_word' id='word_1_164' title='bbox 1402 1177 1457 1214; x_wconf 85' lang='lat' dir='ltr'>Id.</span> 
     </span>
     <span class='ocr_line' id='line_1_18' title="bbox 176 1236 1458 1288; baseline -0.001 -15"><span class='ocrx_word' id='word_1_165' title='bbox 176 1238 322 1285; x_wconf 86' lang='lat' dir='ltr'>Apriles</span> <span class='ocrx_word' id='word_1_166' title='bbox 340 1238 487 1287; x_wconf 85' lang='lat' dir='ltr'>Scaptio</span> <span class='ocrx_word' id='word_1_167' title='bbox 504 1240 608 1276; x_wconf 87' lang='lat' dir='ltr'>datas</span> <span class='ocrx_word' id='word_1_168' title='bbox 627 1241 696 1288; x_wconf 88' lang='grc' dir='ltr'>(ΙΙ.</span> <span class='ocrx_word' id='word_1_169' title='bbox 722 1241 758 1286; x_wconf 90' lang='lat'>4,</span> <span class='ocrx_word' id='word_1_170' title='bbox 787 1241 837 1287; x_wconf 90' lang='lat'>1),</span> <span class='ocrx_word' id='word_1_171' title='bbox 864 1252 1014 1288; x_wconf 89' lang='lat' dir='ltr'>quarum</span> <span class='ocrx_word' id='word_1_172' title='bbox 1032 1240 1205 1276; x_wconf 85' lang='lat' dir='ltr'>alterutra</span> <span class='ocrx_word' id='word_1_173' title='bbox 1229 1239 1267 1273; x_wconf 90' lang='lat' dir='ltr'>in</span> <span class='ocrx_word' id='word_1_174' title='bbox 1292 1237 1378 1274; x_wconf 87' lang='lat' dir='ltr'>folio</span> <span class='ocrx_word' id='word_1_175' title='bbox 1400 1236 1458 1273; x_wconf 88' lang='lat' dir='ltr'>de-</span> 
     </span>
     <span class='ocr_line' id='line_1_19' title="bbox 173 1295 1302 1347; baseline 0.001 -15"><span class='ocrx_word' id='word_1_176' title='bbox 173 1295 312 1344; x_wconf 87' lang='lat' dir='ltr'>perdito</span> <span class='ocrx_word' id='word_1_177' title='bbox 330 1298 513 1335; x_wconf 83' lang='lat' dir='ltr'>exstitisse</span> <span class='ocrx_word' id='word_1_178' title='bbox 530 1297 683 1336; x_wconf 85' lang='lat' dir='ltr'>videtur.</span> <span class='ocrx_word' id='word_1_179' title='bbox 709 1298 802 1335; x_wconf 88' lang='lat' dir='ltr'>hanc</span> <span class='ocrx_word' id='word_1_180' title='bbox 826 1300 939 1347; x_wconf 87' lang='lat' dir='ltr'>igitur</span> <span class='ocrx_word' id='word_1_181' title='bbox 956 1300 1109 1347; x_wconf 90' lang='lat' dir='ltr'>speciem</span> <span class='ocrx_word' id='word_1_182' title='bbox 1130 1297 1302 1335; x_wconf 82' lang='lat' dir='ltr'>habemus</span> 
     </span>
    </p>
   </div>
   <div class='ocr_carea' id='block_1_4' title="bbox 281 1448 1353 1482">
    <p class='ocr_par' dir='ltr' id='par_1_4' title="bbox 281 1448 1353 1482">
     <span class='ocr_line' id='line_1_20' title="bbox 281 1448 1353 1482; baseline -0.001 -2"><span class='ocrx_word' id='word_1_183' title='bbox 281 1450 386 1480; x_wconf 71' lang='lat' dir='ltr'>folium</span> <span class='ocrx_word' id='word_1_184' title='bbox 406 1450 432 1480; x_wconf 87' lang='grc' dir='ltr'>Ι.</span> <span class='ocrx_word' id='word_1_185' title='bbox 564 1450 668 1481; x_wconf 78' lang='lat' dir='ltr'>folium</span> <span class='ocrx_word' id='word_1_186' title='bbox 689 1451 720 1481; x_wconf 93' lang='lat'>11</span> <span class='ocrx_word' id='word_1_187' title='bbox 727 1461 754 1482; x_wconf 83' lang='lat' dir='ltr'>a.</span> <span class='ocrx_word' id='word_1_188' title='bbox 877 1452 980 1481; x_wconf 82' lang='lat' dir='ltr'>folium</span> <span class='ocrx_word' id='word_1_189' title='bbox 1000 1451 1041 1482; x_wconf 89' lang='lat'>11.</span> <span class='ocrx_word' id='word_1_190' title='bbox 1173 1449 1274 1480; x_wconf 79' lang='lat' dir='ltr'>folium</span> <span class='ocrx_word' id='word_1_191' title='bbox 1295 1448 1353 1480; x_wconf 87' lang='lat'>111.</span> 
     </span>
    </p>
   </div>
   <div class='ocr_carea' id='block_1_5' title="bbox 226 1577 1388 1725">
    <p class='ocr_par' dir='ltr' id='par_1_5' title="bbox 226 1577 1388 1725">
     <span class='ocr_line' id='line_1_21' title="bbox 226 1577 1370 1615; baseline -0.002 -7"><span class='ocrx_word' id='word_1_192' title='bbox 226 1578 305 1609; x_wconf 90' lang='lat'>11.1.</span> <span class='ocrx_word' id='word_1_193' title='bbox 323 1577 413 1614; x_wconf 85' lang='lat' dir='ltr'>„Cum</span> <span class='ocrx_word' id='word_1_194' title='bbox 423 1578 495 1608; x_wconf 79' lang='lat' dir='ltr'>haec</span> <span class='ocrx_word' id='word_1_195' title='bbox 831 1579 870 1607; x_wconf 88' lang='grc' dir='ltr'>ΙΙ.</span> <span class='ocrx_word' id='word_1_196' title='bbox 884 1579 913 1609; x_wconf 84' lang='grc'>4.</span> <span class='ocrx_word' id='word_1_197' title='bbox 936 1588 1012 1615; x_wconf 82' lang='lat' dir='ltr'>„uon</span> <span class='ocrx_word' id='word_1_198' title='bbox 1025 1579 1094 1614; x_wconf 73' lang='lat' dir='ltr'>erit,</span> <span class='ocrx_word' id='word_1_199' title='bbox 1158 1579 1197 1608; x_wconf 87' lang='lat' dir='ltr'>H.</span> <span class='ocrx_word' id='word_1_200' title='bbox 1218 1579 1246 1608; x_wconf 85' lang='lat'>5.</span> <span class='ocrx_word' id='word_1_201' title='bbox 1269 1580 1319 1615; x_wconf 74' lang='lat' dir='ltr'>„at</span> <span class='ocrx_word' id='word_1_202' title='bbox 1339 1577 1370 1606; x_wconf 91' lang='lat' dir='ltr'>in</span> 
     </span>
     <span class='ocr_line' id='line_1_22' title="bbox 266 1631 1381 1671; baseline 0 -10"><span class='ocrx_word' id='word_1_203' title='bbox 266 1631 449 1662; x_wconf 79' lang='lat' dir='ltr'>scribebam⁴⁶</span> <span class='ocrx_word' id='word_1_204' title='bbox 869 1631 912 1661; x_wconf 91' lang='lat' dir='ltr'>Id.</span> <span class='ocrx_word' id='word_1_205' title='bbox 937 1633 1054 1671; x_wconf 71' lang='lat' dir='ltr'>ApriL‘</span> <span class='ocrx_word' id='word_1_206' title='bbox 1152 1632 1256 1661; x_wconf 77' lang='lat' dir='ltr'>Asiam</span> <span class='ocrx_word' id='word_1_207' title='bbox 1277 1639 1381 1661; x_wconf 81' lang='lat' dir='ltr'>censeo</span> 
     </span>
     <span class='ocr_line' id='line_1_23' title="bbox 1125 1684 1388 1725; baseline -0.004 -10"><span class='ocrx_word' id='word_1_208' title='bbox 1125 1684 1388 1725; x_wconf 76' lang='lat' dir='ltr'>&#39;persequendum“</span> 
     </span>
    </p>
   </div>
   <div class='ocr_carea' id='block_1_6' title="bbox 285 1724 1037 1769">
    <p class='ocr_par' dir='ltr' id='par_1_6' title="bbox 285 1724 1037 1769">
     <span class='ocr_line' id='line_1_24' title="bbox 285 1724 1037 1769; baseline -0.001 -9"><span class='ocrx_word' id='word_1_209' title='bbox 285 1738 376 1769; x_wconf 86' lang='lat' dir='ltr'>usque</span> <span class='ocrx_word' id='word_1_210' title='bbox 396 1729 434 1760; x_wconf 86' lang='lat' dir='ltr'>ad</span> <span class='ocrx_word' id='word_1_211' title='bbox 568 1724 750 1765; x_wconf 72' lang='lat' dir='ltr'>deperditum</span> <span class='ocrx_word' id='word_1_212' title='bbox 889 1739 980 1769; x_wconf 87' lang='lat' dir='ltr'>usque</span> <span class='ocrx_word' id='word_1_213' title='bbox 1000 1730 1037 1760; x_wconf 82' lang='lat' dir='ltr'>ad</span> 
     </span>
    </p>
   </div>
   <div class='ocr_carea' id='block_1_7' title="bbox 243 1823 1396 1967">
    <p class='ocr_par' dir='ltr' id='par_1_7' title="bbox 243 1823 1396 1967">
     <span class='ocr_line' id='line_1_25' title="bbox 246 1823 1380 1864; baseline -0.001 -6"><span class='ocrx_word' id='word_1_214' title='bbox 246 1831 427 1864; x_wconf 82' lang='lat' dir='ltr'>„monstrum</span> <span class='ocrx_word' id='word_1_215' title='bbox 447 1828 480 1858; x_wconf 89' lang='lat' dir='ltr'>in</span> <span class='ocrx_word' id='word_1_216' title='bbox 836 1827 899 1864; x_wconf 78' lang='lat' dir='ltr'>„sin</span> <span class='ocrx_word' id='word_1_217' title='bbox 921 1837 985 1859; x_wconf 81' lang='lat' dir='ltr'>eam</span> <span class='ocrx_word' id='word_1_218' title='bbox 1005 1828 1095 1859; x_wconf 83' lang='lat' dir='ltr'>semel</span> <span class='ocrx_word' id='word_1_219' title='bbox 1148 1823 1265 1863; x_wconf 63' lang='lat' dir='ltr'>reliqua</span> <span class='ocrx_word' id='word_1_220' title='bbox 1284 1823 1380 1853; x_wconf 68' lang='lat' dir='ltr'>omnin</span> 
     </span>
     <span class='ocr_line' id='line_1_26' title="bbox 243 1877 1396 1922; baseline -0.006 -10"><span class='ocrx_word' id='word_1_221' title='bbox 243 1881 392 1922; x_wconf 80' lang='lat' dir='ltr'>republica</span> <span class='ocrx_word' id='word_1_222' title='bbox 412 1885 473 1912; x_wconf 78' lang='lat' dir='ltr'>est⁴⁶</span> <span class='ocrx_word' id='word_1_223' title='bbox 876 1881 954 1920; x_wconf 84' lang='lat' dir='ltr'>cepit</span> <span class='ocrx_word' id='word_1_224' title='bbox 974 1881 1046 1911; x_wconf 89' lang='lat' dir='ltr'>mihi</span> <span class='ocrx_word' id='word_1_225' title='bbox 1131 1877 1206 1907; x_wconf 81' lang='lat' dir='ltr'>bene</span> <span class='ocrx_word' id='word_1_226' title='bbox 1226 1877 1396 1916; x_wconf 78' lang='lat' dir='ltr'>procedunt.</span> 
     </span>
     <span class='ocr_line' id='line_1_27' title="bbox 316 1934 1067 1967; baseline 0.003 -3"><span class='ocrx_word' id='word_1_227' title='bbox 316 1935 356 1964; x_wconf 90' lang='lat'>11.</span> <span class='ocrx_word' id='word_1_228' title='bbox 377 1935 406 1965; x_wconf 83' lang='lat'>2.</span> <span class='ocrx_word' id='word_1_229' title='bbox 856 1934 958 1965; x_wconf 83' lang='lat' dir='ltr'>crede“</span> <span class='ocrx_word' id='word_1_230' title='bbox 980 1936 1018 1966; x_wconf 91' lang='lat'>11.</span> <span class='ocrx_word' id='word_1_231' title='bbox 1038 1935 1067 1967; x_wconf 82' lang='lat'>4.</span> 
     </span>
    </p>
   </div>
   <div class='ocr_carea' id='block_1_8' title="bbox 197 1394 1428 2026">
    <p class='ocr_par' dir='ltr' id='par_1_8' title="bbox 197 1394 1428 2026">
     <span class='ocr_line' id='line_1_28' title="bbox 197 1394 1428 2026; baseline 0 653"><span class='ocrx_word' id='word_1_232' title='bbox 197 1394 1428 2026; x_wconf 95' lang='lat' dir='ltr'> </span> 
     </span>
    </p>
   </div>
   <div class='ocr_carea' id='block_1_9' title="bbox 353 2032 1283 2085">
    <p class='ocr_par' dir='ltr' id='par_1_9' title="bbox 353 2032 1283 2085">
     <span class='ocr_line' id='line_1_29' title="bbox 616 2032 1045 2055; baseline 0 -9"><span class='ocrx_word' id='word_1_233' title='bbox 616 2032 1017 2055; x_wconf 46' lang='lat' dir='ltr'><em>-p—-l</em></span> <span class='ocrx_word' id='word_1_234' title='bbox 1042 2041 1045 2045; x_wconf 67' lang='grc' dir='ltr'><em>ι</em></span> 
     </span>
     <span class='ocr_line' id='line_1_30' title="bbox 353 2059 1283 2085; baseline 0.001 -9"><span class='ocrx_word' id='word_1_235' title='bbox 353 2059 1283 2085; x_wconf 39' lang='grc' dir='ltr'>ᾑ--ἒ</span> 
     </span>
    </p>
   </div>
   <div class='ocr_carea' id='block_1_10' title="bbox 173 2152 1459 2259">
    <p class='ocr_par' dir='ltr' id='par_1_10' title="bbox 173 2152 1459 2259">
     <span class='ocr_line' id='line_1_31' title="bbox 291 2152 1459 2200; baseline -0.003 -10"><span class='ocrx_word' id='word_1_236' title='bbox 291 2153 461 2200; x_wconf 87' lang='lat' dir='ltr'>Sequitur</span> <span class='ocrx_word' id='word_1_237' title='bbox 486 2154 662 2200; x_wconf 86' lang='lat' dir='ltr'>quaestio,</span> <span class='ocrx_word' id='word_1_238' title='bbox 687 2156 806 2188; x_wconf 88' lang='lat' dir='ltr'>utrum</span> <span class='ocrx_word' id='word_1_239' title='bbox 831 2155 869 2188; x_wconf 89' lang='lat' dir='ltr'>in</span> <span class='ocrx_word' id='word_1_240' title='bbox 895 2155 972 2200; x_wconf 90' lang='lat' dir='ltr'>ipso</span> <span class='ocrx_word' id='word_1_241' title='bbox 999 2153 1189 2189; x_wconf 82' lang='lat' dir='ltr'>Cratandri</span> <span class='ocrx_word' id='word_1_242' title='bbox 1219 2152 1338 2188; x_wconf 85' lang='lat' dir='ltr'>codice</span> <span class='ocrx_word' id='word_1_243' title='bbox 1370 2152 1459 2188; x_wconf 86' lang='lat' dir='ltr'>haec</span> 
     </span>
     <span class='ocr_line' id='line_1_32' title="bbox 173 2208 1458 2259; baseline -0.001 -12"><span class='ocrx_word' id='word_1_244' title='bbox 173 2211 381 2259; x_wconf 84' lang='lat' dir='ltr'>depravatio</span> <span class='ocrx_word' id='word_1_245' title='bbox 407 2210 588 2256; x_wconf 87' lang='lat' dir='ltr'>acciderit,</span> <span class='ocrx_word' id='word_1_246' title='bbox 615 2222 660 2245; x_wconf 89' lang='lat' dir='ltr'>au</span> <span class='ocrx_word' id='word_1_247' title='bbox 686 2222 705 2246; x_wconf 90' lang='lat' dir='ltr'>e</span> <span class='ocrx_word' id='word_1_248' title='bbox 731 2210 849 2246; x_wconf 84' lang='lat' dir='ltr'>codice</span> <span class='ocrx_word' id='word_1_249' title='bbox 866 2212 939 2247; x_wconf 88' lang='lat' dir='ltr'>iam</span> <span class='ocrx_word' id='word_1_250' title='bbox 957 2213 1121 2259; x_wconf 88' lang='lat' dir='ltr'>corrupto</span> <span class='ocrx_word' id='word_1_251' title='bbox 1139 2211 1177 2246; x_wconf 91' lang='lat' dir='ltr'>in</span> <span class='ocrx_word' id='word_1_252' title='bbox 1195 2209 1350 2247; x_wconf 86' lang='lat' dir='ltr'>codicem</span> <span class='ocrx_word' id='word_1_253' title='bbox 1375 2208 1458 2247; x_wconf 87' lang='lat' dir='ltr'>Ora-</span> 
     </span>
    </p>
   </div>
   <div class='ocr_carea' id='block_1_11' title="bbox 174 2288 407 2293">
    <p class='ocr_par' dir='ltr' id='par_1_11' title="bbox 174 2288 407 2293">
     <span class='ocr_line' id='line_1_33' title="bbox 174 2288 407 2293; baseline 0 0"><span class='ocrx_word' id='word_1_254' title='bbox 174 2288 407 2293; x_wconf 95' lang='lat' dir='ltr'> </span> 
     </span>
    </p>
   </div>
   <div class='ocr_carea' id='block_1_12' title="bbox 174 2318 1458 2408">
    <p class='ocr_par' dir='ltr' id='par_1_12' title="bbox 174 2318 1458 2408">
     <span class='ocr_line' id='line_1_34' title="bbox 293 2318 1458 2357; baseline -0.001 -8"><span class='ocrx_word' id='word_1_255' title='bbox 293 2320 315 2357; x_wconf 90' lang='lat'>¹)</span> <span class='ocrx_word' id='word_1_256' title='bbox 339 2319 533 2357; x_wconf 83' lang='lat' dir='ltr'>Corrigenda</span> <span class='ocrx_word' id='word_1_257' title='bbox 558 2321 632 2347; x_wconf 87' lang='lat' dir='ltr'>sunt</span> <span class='ocrx_word' id='word_1_258' title='bbox 651 2319 747 2347; x_wconf 87' lang='lat' dir='ltr'>verba</span> <span class='ocrx_word' id='word_1_259' title='bbox 769 2318 843 2355; x_wconf 82' lang='lat' dir='ltr'>„sed</span> <span class='ocrx_word' id='word_1_260' title='bbox 863 2319 959 2354; x_wconf 84' lang='lat' dir='ltr'>qu0;“</span> <span class='ocrx_word' id='word_1_261' title='bbox 987 2327 1059 2346; x_wconf 87' lang='lat' dir='ltr'>nam</span> <span class='ocrx_word' id='word_1_262' title='bbox 1085 2326 1193 2346; x_wconf 88' lang='lat' dir='ltr'>vocem</span> <span class='ocrx_word' id='word_1_263' title='bbox 1213 2318 1377 2348; x_wconf 80' lang='lat' dir='ltr'>relativam</span> <span class='ocrx_word' id='word_1_264' title='bbox 1404 2320 1458 2349; x_wconf 74' lang='lat' dir='ltr'>aut.</span> 
     </span>
     <span class='ocr_line' id='line_1_35' title="bbox 174 2366 1241 2408; baseline -0.001 -9"><span class='ocrx_word' id='word_1_265' title='bbox 174 2369 433 2408; x_wconf 69' lang='lat' dir='ltr'>interrogativum</span> <span class='ocrx_word' id='word_1_266' title='bbox 453 2377 516 2398; x_wconf 86' lang='lat' dir='ltr'>non</span> <span class='ocrx_word' id='word_1_267' title='bbox 537 2370 669 2407; x_wconf 84' lang='lat' dir='ltr'>possunt</span> <span class='ocrx_word' id='word_1_268' title='bbox 687 2368 839 2406; x_wconf 88' lang='lat' dir='ltr'>subsequi</span> <span class='ocrx_word' id='word_1_269' title='bbox 859 2367 955 2398; x_wconf 82' lang='lat' dir='ltr'>verba</span> <span class='ocrx_word' id='word_1_270' title='bbox 977 2375 1052 2405; x_wconf 85' lang='lat' dir='ltr'>„nos</span> <span class='ocrx_word' id='word_1_271' title='bbox 1073 2366 1241 2399; x_wconf 54' lang='lat' dir='ltr'>amisisse!</span> 
     </span>
    </p>
   </div>
  </div>
 </body>
</html>
