1627 2679
721 162 914 192 —31-

291 259 401 302 Quae
415 260 602 307 inndptio
619 260 790 301 librorum
806 272 936 297 novem
961 261 1007 297 ad
1023 261 1176 296 Brutum
1200 260 1300 296 fuit?
1326 261 1358 296 si
1375 271 1460 295 eon·

174 320 314 365 tuleris,
340 318 470 365 quibus
500 318 619 368 verbis
651 319 841 366 scriptores
875 320 1049 366 epistulas
1081 318 1261 355 Ciceronis
1294 318 1461 359 afferant,

175 377 280 416 facile
295 375 517 413 intellexeris
534 375 715 413 Ciceronis
732 388 861 414 nomen
874 378 1039 415 omnibus
1055 378 1171 423 libris,
1189 389 1338 425 quorum
1352 387 1462 424 supra

176 438 393 473 mentionem
404 436 484 480 feei,
505 435 666 470 additum
684 448 773 473 esse.
790 438 913 482 igitur
929 438 1152 483 appellandi
1166 443 1254 472 sunt
1268 438 1320 471 M.
1341 436 1463 471 Tullii

183 493 370 531 Ciceronis
395 493 652 539 epistularum,
678 494 733 529 ad
760 494 814 529 M
838 495 999 530 Brutum
1030 495 1125 530 libri
1154 506 1283 530 novem
1316 492 1460 541 (Quint.

176 553 232 589 Π.
254 552 315 598 20,
340 552 374 588 9.
400 551 474 588 ΠΙ.
500 551 536 596 8,
561 551 619 588 42.
645 551 691 589 V.
720 553 776 599 10,
802 552 837 589 9.
863 552 969 589 VIII.
996 553 1031 597 3,
1058 553 1090 589 6.
1113 553 1180 597 343
1206 553 1241 597 6,
1262 552 1311 587 20
1336 555 1373 587 et
1398 552 1459 587 55.

176 609 248 646 DL-
272 610 306 655 3,
332 609 400 654 583
425 609 462 654 4,
486 609 545 645 41.
572 608 672 646 Serv.
699 609 744 644 ad
767 609 860 647 Aen.
885 609 995 645 VIII.
1020 610 1108 647 395.
1129 609 1223 647 Non.
1249 622 1284 656 p.
1310 609 1394 654 296,
1417 609 1460 654 83

176 668 262 713 527,
287 667 357 713 25;
382 668 467 712 421,
494 667 560 713 31;
594 667 679 713 264,
704 668 739 705 5.
764 666 852 706 Isid.
878 668 951 704 diff.
976 668 1069 705 libro
1093 669 1162 705 No.
1192 668 1267 716 17).
1293 669 1403 704 etiam
1429 669 1461 703 si

176 726 328 762 aliorum
353 726 529 772 epistulae
554 725 600 761 ad
624 725 829 762 Ciceronem
854 726 1062 772 afferuntur,
1087 730 1250 762 accurate
1275 730 1312 762 et
1337 729 1460 773 aperte

176 796 240 821 eae
264 785 304 819 in
329 783 510 820 Ciceronis
535 784 701 831 epistulis
718 788 860 820 exstare
876 784 1062 831 dicuntur-3
1089 797 1119 822 e.
1135 797 1188 832 gr.
1212 785 1300 821 dicit
1318 784 1459 821 Gellius

175 844 207 880 Ι.
232 842 292 879 22.
321 843 385 878 19:
415 844 490 889 „ita
514 844 610 879 enim
636 844 808 891 scriptum
825 847 881 879 est
897 845 936 879 in
952 843 1044 879 libro
1070 844 1303 891 epistularum
1327 843 1380 878 M.
1402 841 1460 879 Ci-

177 903 315 938 ceronis
340 901 385 937 ad
410 901 453 937 L.
479 902 715 938 Plancum-et
739 903 776 938 in
804 902 960 950 epistula
984 902 1106 938 Asinii
1131 903 1304 938 Pollionis
1330 901 1376 937 ad
1401 901 1460 938 Ci-

176 972 339 996 ceronem
364 960 421 996 his
454 961 609 1006 verbis,“
646 965 684 997 et
708 961 848 997 Nonius
873 974 907 1008 p.
934 962 994 1006 83,
1020 962 1085 998 31:
1122 961 1266 1007 „Cicero
1299 960 1345 996 ad
1370 960 1461 995 Var-

176 1030 298 1054 ronem
322 1019 478 1066 epistula
503 1019 640 1055 Paeti.“
668 1020 763 1056 hunc
787 1020 898 1056 Nonii
923 1020 1040 1056 locum
1064 1020 1270 1067 respicienti
1294 1018 1391 1067 (vide
1407 1020 1463 1054 in-

175 1078 230 1113 fra
246 1090 269 1124 p
283 1078 358 1124 ,35)
377 1078 520 1113 videtur
532 1078 622 1113 mihi
635 1078 882 1119 Quintilianus
898 1079 1018 1114 verbis
1036 1078 1120 1125 (VI.
1135 1079 1170 1124 3,
1181 1078 1263 1125 20):
1293 1077 1462 1123 „ideoque

176 1136 215 1171 in
240 1136 405 1182 epistulis
423 1135 545 1172 Cicero
570 1136 658 1172 haec
674 1136 780 1172 Bruti
799 1137 906 1172 refert
923 1136 1054 1172 verba:
1082 1146 1165 1172 ”ne
1181 1136 1238 1171 illi
1254 1138 1339 1172 sunt
1355 1135 1462 1183 pedes

175 1194 285 1229 faceti
309 1206 351 1230 ac
376 1194 563 1231 delicatius
588 1195 804 1242 ingredienti
829 1195 995 1231 molles«
1033 1194 1127 1230 idem
1156 1194 1325 1240 indicare,
1360 1206 1402 1230 ac
1431 1195 1463 1229 si

176 1253 321 1299 passive
346 1252 515 1288 dixisset:
546 1255 605 1300 „in
630 1253 796 1300 epistulis
822 1252 1002 1289 Ciceronis
1026 1252 1114 1288 haec
1136 1253 1242 1288 Bruti
1266 1253 1464 1288 referentur

176 1310 328 1356 verba;“
356 1323 440 1347 nam
465 1313 498 1347 si
521 1313 560 1347 in
585 1312 742 1359 epistula
762 1311 914 1359 quadam
942 1311 1065 1348 Cicero
1082 1311 1188 1347 Bruti
1212 1311 1324 1347 verba
1348 1310 1462 1356 affert,

177 1380 239 1404 cur
266 1370 326 1416 „in
351 1370 538 1417 epistulis“
566 1383 609 1406 ea
633 1373 775 1407 exstare
799 1371 888 1407 dicit
909 1370 1182 1412 Quintilianus?
1207 1370 1345 1405 nullum
1362 1382 1462 1418 prae-

176 1430 275 1463 terea
298 1428 416 1464 locum
442 1441 486 1465 ex
511 1430 676 1476 epistulis
701 1429 807 1465 Bruti
831 1429 877 1465 ad
893 1428 1099 1465 Ciceronem
1117 1429 1347 1476 deprompsit,
1373 1440 1461 1475 quas

176 1489 336 1533 repertas
365 1488 476 1524 fuisse
500 1489 539 1523 in
565 1487 747 1524 Ciceronis
773 1488 819 1523 ad
843 1486 894 1523 M.
920 1488 1074 1524 Brutum
1099 1487 1335 1535 epistularum
1359 1487 1462 1523 libris

176 1556 304 1580 novem
329 1547 453 1593 negari
477 1558 549 1582 non
573 1551 723 1593 postest.
749 1548 781 1582 si
805 1548 901 1582 enim
925 1546 1093 1582 laudatur
1110 1558 1133 1582 a
1149 1546 1374 1587 Quintiliano
1391 1545 1460 1581 IX.

176 1604 212 1648 4,
239 1604 296 1640 75.
325 1604 480 1649 „Brutus
504 1606 544 1640 in
568 1604 767 1651 epistulis,“
796 1604 895 1641 nullo
912 1604 1016 1640 modo
1035 1603 1209 1641 contendo
1231 1604 1335 1650 hanc,
1361 1605 1462 1639 cuius

176 1661 293 1698 locum
320 1661 565 1703 Quintilianus
591 1663 708 1709 affert,
732 1663 924 1711 epistulam
949 1675 1028 1699 esse
1053 1675 1185 1699 novem
1208 1663 1380 1699 librorum
1406 1661 1461 1698 Ci-

177 1722 314 1756 ceronis
347 1722 593 1768 epistularum,
631 1734 711 1757 cum
737 1723 915 1758 sexcentis
940 1722 1024 1758 aliis
1054 1722 1156 1767 locis,
1189 1722 1251 1757 ubi
1282 1720 1461 1757 Ciceronis

177 1779 412 1826 epistularum
436 1781 571 1817 mentio
601 1780 655 1826 fit,
691 1792 830 1828 semper
856 1780 979 1817 Cicero
1013 1782 1052 1816 in
1085 1780 1250 1828 epistulis
1285 1778 1461 1824 laudetur,

176 1839 247 1873 etsi
271 1838 317 1874 ab
344 1839 426 1874 aliis
452 1841 606 1886 scriptae
631 1843 727 1875 sunt.
753 1843 939 1887 praeterea
964 1842 1110 1875 exstant
1135 1839 1229 1887 apud
1253 1838 1461 1875 Diomedem

175 1895 207 1932 Ι.
233 1909 269 1943 p.
295 1896 367 1932 383
393 1897 452 1932 ΡΛ
481 1909 547 1943 „ex
573 1910 642 1945 quo
659 1898 702 1934 fit
723 1899 959 1945 compositum
976 1910 1161 1946 cognosco,
1187 1898 1349 1944 cognovi,
1373 1897 1462 1932 item

176 1965 341 2000 agnosco,
368 1957 512 2003 agnovi,
538 1968 582 1992 ex
607 1969 678 2003 quo
700 1956 865 1992 nonnulli
890 1956 1159 1992 declinaverunt
1186 1958 1368 2002 agnotum,
1399 1966 1462 2001 ag-

176 2014 358 2060 noturum,
374 2014 404 2062 ι)
443 2016 486 2050 ut
522 2014 657 2051 Brutus
696 2016 735 2050 in
773 2014 973 2062 epistulis,“
1013 2014 1108 2063 apud
1145 2014 1365 2050 Priscianum
1390 2012 1460 2050 IX.

176 2071 248 2108 863
273 2072 335 2109 R:
364 2073 519 2119 „Brutus
545 2075 582 2109 in
613 2074 797 2121 epistulis:
824 2075 979 2110 ”occiso
996 2073 1088 2110 Graio
1106 2073 1257 2110 Caesare
1272 2075 1463 2119 postquam

176 2141 273 2166 mare
297 2133 502 2177 transierat,
532 2135 754 2179 praestatum
779 2135 887 2178 est‚«
919 2135 957 2168 et
999 2133 1226 2179 praecipuum
1260 2130 1462 2177 exemplum

176 2188 271 2235 apud
296 2189 497 2226 Charisium
522 2191 554 2227 Ι.
580 2203 616 2238 p.
646 2191 715 2227 105
739 2191 802 2228 ΡΑ
831 2191 1040 2238 „familiare,
1065 2190 1112 2226 ab
1128 2190 1194 2225 hoc
1213 2189 1405 2235 familiare,
1429 2190 1462 2224 si

294 2317 316 2355 ι)
338 2318 405 2347 Iam
425 2319 540 2347 scimus
559 2316 693 2347 Brutum
718 2318 894 2347 studiosum
917 2318 1015 2347 fuisse
1041 2317 1270 2355 conjugationis
1296 2315 1462 2354 periphra-

176 2367 286 2403 stieae3
308 2368 401 2397 etiam
423 2368 484 2397 hoc
504 2367 597 2397 huius
618 2368 664 2396 rei
684 2368 900 2397 testimonium
921 2371 977 2396 est.
