1627 2679
720 163 914 192 —10—

172 262 370 298 Februario
411 262 550 309 perlata
587 262 742 309 rogavit,
780 265 822 299 ut
856 262 966 297 etiam
997 262 1082 297 huic
1106 261 1263 308 Scaptio,
1301 261 1360 297 cui
1383 272 1463 296 cum

173 319 383 356 Salaminiis
403 330 461 355 res
478 322 568 364 erat,
592 318 852 367 praefecturam
870 318 984 366 daret,
1000 318 1212 366 adiecitque,
1238 321 1280 354 ut
1298 316 1463 366 precibus

171 378 310 424 pondus
335 378 493 423 adderet,
518 389 592 413 rem
619 389 685 413 suo
711 389 789 414 esse
814 377 973 424 periculo
999 377 1058 426 (ad
1083 377 1164 414 Att.
1190 376 1257 414 VI.
1278 376 1311 422 1,
1328 376 1351 412 6
1376 387 1409 412 a.
1425 375 1461 411 d.

171 435 239 473 VI.
265 435 349 472 Kal.
376 435 522 482 Mart.):
561 438 692 482 „atque
729 435 797 470 hoc
834 441 998 482 tempore
1035 436 1114 481 ipso
1154 435 1333 480 impingit
1367 433 1466 469 mihi

172 496 372 541 epistulam
399 495 575 541 Scaptius
598 495 725 536 Bruti,
751 506 827 531 rem
852 494 954 531 illam
979 507 1043 531 suo
1069 493 1226 542 periculo
1252 505 1343 540 esse,
1369 490 1463 540 quod

172 565 237 590 nec
254 554 343 589 mihi
360 565 518 600 unquam
536 554 670 589 Brutus
687 553 827 589 dixerat
843 565 909 589 nec
925 554 1007 599 tibi,
1023 554 1133 589 etiam
1149 556 1191 589 ut
1204 551 1463 600 praefecturam

173 611 320 660 Scaptio
345 612 549 649 deferrem.“
585 612 647 648 sed
672 623 710 648 se
735 610 819 648 'eam
849 611 1016 649 daturum
1041 623 1119 648 esse
1147 610 1271 648 Cicero
1303 608 1464 658 negavit,

171 682 253 705 cum
270 670 340 705 sibi
360 671 583 716 propositum
609 674 705 706 esset
726 670 863 705 nullam
887 670 1023 705 deferre
1047 669 1306 716 praefecturam
1329 668 1370 703 in
1385 679 1464 714 pro-

171 728 292 764 vincia
309 728 512 775 negotianti
531 727 593 775 (ad
614 727 694 764 Att.
710 727 776 764 VI.
791 727 826 773 2,
844 727 900 774 8):
930 727 1044 774 „alias
1061 728 1127 763 hoc
1144 731 1397 772 statueramus,
1422 727 1465 761 ut

172 788 434 833 negotiatorem
459 787 649 832 neminem,
680 786 792 831 idque
807 787 929 821 Bruto
952 787 1276 831 probaveramus“
1306 788 1343 820 et
1368 786 1390 828 ξ
1416 783 1461 820 9:

176 847 312 892 „atque
337 844 428 882 haec
452 844 590 891 scripsi
614 856 681 891 ego
708 844 763 880 ad
782 844 945 881 Brutum
970 844 1165 890 scripsisse
1188 849 1224 879 te
1249 842 1305 878 ad
1325 841 1412 877 me.“

203 940 205 942 ,
290 904 481 939 Praeterea
507 904 698 950 accepisse,
733 904 818 949 quia
843 903 948 940 Bruti
981 903 1163 939 tabellarii
1187 903 1232 938 ad
1258 901 1464 938 Ciceronem

172 964 430 1007 pervenerunt,
466 964 504 996 et
541 961 679 996 dedisse
716 959 923 997 Ciceronem
967 961 1109 996 litteras
1151 964 1303 995 exeunte
1341 970 1462 994 mense

176 1018 347 1054 Ianuario
371 1018 570 1055 Laodiceae
605 1019 850 1066 cognoscimus
888 1030 933 1055 ex
959 1018 1115 1067 epistula
1145 1017 1188 1054 ad
1215 1017 1374 1066 Appium
1400 1015 1461 1064 (ad

172 1077 257 1112 fam.
275 1077 348 1114 111.
364 1078 399 1122 7,
412 1077 465 1124 1):
491 1078 599 1122 „haee
617 1078 745 1124 scripsi
762 1078 892 1123 subito,
910 1090 989 1113 cum
1002 1078 1120 1112 Bruti
1130 1077 1246 1122 pueri
1256 1076 1465 1111 Laodiceae

172 1147 230 1171 me
246 1135 500 1172 convenissent
516 1139 553 1171 et
565 1147 604 1171 se
621 1135 773 1171 Romam
786 1147 975 1183 properare
989 1135 1183 1181 dixissent3
1208 1135 1331 1182 itaque
1344 1133 1462 1169 nullas

170 1194 217 1228 iis
243 1197 493 1240 praeterquam
531 1193 576 1228 ad
614 1198 651 1229 te
689 1197 726 1230 et
751 1194 807 1228 ad
827 1195 990 1229 Brutum
1016 1194 1106 1229 dedi
1129 1194 1310 1229 litteras.“
1352 1192 1462 1228 etiam

174 1254 328 1287 exeunte
352 1251 426 1287 fere
451 1263 572 1287 mense
598 1252 697 1287 Maio
722 1252 766 1286 ad
793 1251 1000 1288 Ciceronem
1024 1252 1167 1290 litterae
1192 1251 1352 1298 perlatae
1378 1254 1463 1286 sunt

173 1309 278 1345 Bruti
303 1321 366 1355 pro
391 1309 512 1356 Appio
539 1309 649 1345 verba
673 1309 851 1355 facientis,
886 1322 966 1345 cum
992 1322 1062 1356 quo
1088 1309 1210 1346 Cicero
1236 1321 1278 1345 eo
1303 1313 1463 1355 tempore

170 1366 276 1402 valde
309 1367 505 1403 dissidebat
538 1367 599 1415 (ad
625 1369 701 1404 Att.
726 1367 793 1404 VI.
820 1368 855 1412 3,
884 1367 941 1416 7):
988 1369 1154 1413 „omnino
1190 1389 1235 1394 —
1272 1367 1342 1404 soli
1366 1367 1462 1403 enim

173 1437 296 1460 sumus
336 1446 382 1451 —
421 1425 539 1461 nullas
578 1438 734 1473 unquam
772 1426 816 1461 ad
854 1438 911 1462 me
945 1426 1087 1463 litteras
1112 1427 1213 1462 misit
1235 1426 1382 1472 Brutus,
1417 1437 1465 1460 ne

171 1485 348 1529 proxime
372 1485 520 1530 quidem
546 1485 591 1519 de
614 1485 748 1531 Appio,
785 1485 824 1520 in
857 1485 988 1532 quibus
1017 1498 1089 1521 non
1113 1486 1249 1521 inesset
1273 1485 1461 1533 adrogans,

175 1541 397 1589 ἀκοινώνητον
422 1543 591 1589 aliquid.“
620 1544 766 1589 ineunte
783 1555 904 1579 mense
921 1544 1027 1580 Iunio
1048 1547 1195 1591 questus
1213 1547 1268 1580 est
1283 1544 1327 1579 de
1344 1542 1463 1579 Gavio

174 1601 236 1645 (ad
261 1601 342 1637 Att.
370 1601 435 1636 VI.
454 1601 488 1647 3,
507 1601 563 1647 6):
593 1602 646 1646 „is
668 1602 781 1649 igitur
797 1600 949 1648 Gavius,
976 1614 1055 1638 cum
1068 1603 1253 1649 Apameae
1269 1614 1325 1637 me
1342 1607 1463 1647 nuper

172 1658 325 1694 vidisset
349 1659 501 1693 Romam
527 1659 764 1705 proficiscens,
798 1671 855 1694 me
887 1660 941 1695 ita
965 1659 1165 1706 appellavit
1188 1680 1236 1686 -
1264 1659 1463 1695 Culleolum

172 1717 236 1752 vix
261 1716 428 1752 auderem
453 1737 499 1742 -
530 1717 654 1763 ›unde,
679 1717 809 1764 inquit,
843 1729 900 1753 me
925 1717 1028 1753 iubes
1046 1721 1172 1765 ,petere
1198 1717 1334 1754 cibaria
1358 1728 1458 1765 prae-

170 1775 304 1810 fecti?‹
331 1801 339 1809 .
355 1803 364 1811 .
379 1803 387 1811 .
403 1803 412 1812 .
438 1775 507 1811 tibi
532 1779 654 1811 tamen
679 1787 825 1812 causam
841 1779 965 1812 notam
982 1788 1059 1811 esse
1076 1776 1175 1812 volui
1201 1783 1236 1811 et
1262 1776 1317 1811 ad
1338 1777 1459 1821 ipsum

172 1832 238 1879 (sc.
260 1831 429 1880 Brutum)
455 1833 546 1868 haec
568 1833 781 1879 perscripsi
805 1833 1126 1879 diligentissime.“

288 1891 473 1928 Habemus
490 1892 603 1940 igitur

196 1950 237 1996 1)
263 1950 369 1986 Bruti
391 1950 533 1986 litteras
558 1951 716 1986 redditas
741 1963 863 1987 mense
888 1950 1012 1992 Quint.
1039 1952 1122 1997 703,

196 2008 236 2056 2)
261 2008 366 2045 Bruti
391 2009 583 2056 epistulam
609 2010 780 2057 scriptam
804 2009 951 2046 ineunte
977 2021 1099 2046 mense
1125 2009 1273 2047 Octobri
1299 2010 1383 2057 703,

196 2067 235 2114 3)
261 2066 442 2103 Ciceronis
467 2079 677 2114 responsum
702 2067 826 2104 datum
851 2069 998 2105 ineunte
1023 2080 1145 2105 mense
1161 2068 1351 2105 Decembri
1376 2069 1461 2115 703,

194 2125 235 2174 4)
260 2125 366 2162 Bruti
390 2125 553 2162 libellum
577 2126 826 2163 mandatorum
851 2127 1029 2175 perlatum
1054 2131 1206 2163 exeunte
1232 2139 1326 2163 anno
1352 2126 1436 2173 703,

197 2186 237 2232 5)
264 2185 370 2221 Bruti
397 2185 589 2232 epistulam
615 2190 798 2234 acceptam
823 2198 945 2222 mense
970 2186 1140 2222 Ianuario
1168 2186 1240 2224 704
1267 2190 1305 2223 et

196 2243 237 2288 6)
264 2242 448 2278 Ciceronis
474 2255 695 2290 responsum,

197 2301 236 2347 7)
262 2301 368 2337 Bruti
392 2301 584 2348 epistulam
609 2305 791 2349 acceptam
817 2313 938 2338 mense
963 2302 1160 2338 Februario
1188 2303 1259 2339 704
1284 2306 1321 2338 et

195 2361 237 2406 8)
264 2358 446 2396 Ciceronis
470 2371 693 2406 responsum,
