1627 2679
710 137 906 167 ...26-

160 235 274 281 gutiis
299 237 337 271 et
370 236 590 271 ornamentis
619 235 806 271 rhetoricis
841 238 975 273 carent.
1009 234 1160 271 Becheri
1192 233 1454 282 quaestioni,›¹)

161 304 223 328 cur
247 292 491 329 locutionibus
516 293 710 341 singularis
735 294 909 329 sermonis
935 295 1109 339 scateant,
1134 292 1341 340 respondeo,
1366 293 1452 340 quia

160 353 253 387 irato
279 353 398 388 animo
425 352 559 388 Brutus
584 364 711 399 parum
734 355 874 399 spectat
899 353 1073 388 sermonis
1089 351 1317 399 elegantiam.
1343 350 1451 387 Octa-

161 410 262 445 vium
287 409 462 456 appellari
478 409 718 446 Octavianum
741 422 787 445 ne
803 422 871 457 ego
892 410 1035 457 quidem
1051 411 1174 455 miror,
1189 409 1217 456 ²)
1241 421 1322 446 cum
1338 409 1453 445 Brute

161 480 242 504 eum
260 467 428 506 Caesaris
448 468 562 505 filium
580 480 772 517 agnoscere
789 481 861 505 non
886 469 1087 506 conveniat.
1103 467 1131 518 ⁸)
1156 468 1313 517 epistula
1328 470 1451 505 autem

160 527 192 563 I.
217 528 254 573 4,
271 528 308 565 4.
333 527 468 563 Brutus
493 529 583 574 ipsis
601 527 784 564 Ciceronis
809 529 930 564 verbis
956 529 1083 574 utitur,
1111 527 1176 574 „de
1194 527 1346 563 Caesare
1361 527 1448 563 tuo“

161 597 244 621 eum
270 586 464 633 obiurgans
498 586 634 634 (confer
667 586 712 622 ad
743 587 817 622 fam
841 586 911 622 XI.
938 586 973 630 8,
1007 586 1059 634 2).
1076 586 1108 633 ⁴)
1141 585 1293 633 denique
1328 588 1453 621 statuo

160 645 274 691 prius,
300 656 408 691 quam
425 656 548 680 omnes
567 656 657 691 quae
683 648 829 680 exstant
844 645 1020 692 epistulas
1045 644 1149 680 datas
1173 656 1252 680 esse
1277 643 1453 691 epistulas

161 703 192 740 I.
222 703 266 738 16
293 705 330 739 et
359 703 423 748 173
448 704 521 738 iam
546 704 641 738 enim
667 703 713 739 ab
739 706 893 739 exeunte
918 715 1013 739 anno
1041 703 1112 739 710
1137 702 1259 739 Cicero
1276 702 1389 738 Bruto
1406 700 1452 738 ad

161 762 239 795 eius
264 760 361 796 modi
386 761 656 808 obiurgationes
682 773 806 796 ansam
835 762 1003 808 praebuit
1028 761 1092 808 (ad
1116 761 1196 797 Att.
1223 760 1327 798 XVI.
1354 761 1391 805 8,
1418 760 1450 796 l.

161 818 206 854 ad
230 818 316 854 fam.
342 819 391 855 X.
418 819 479 864 28,
505 819 528 854 3
553 822 591 855 et
616 819 680 867 al).
719 831 834 867 neque
859 820 898 855 in
923 819 999 855 ulla
1031 819 1187 867 epistula
1211 818 1258 855 ad
1285 818 1451 863 Brutum,

161 889 253 924 quae
286 879 381 913 inter
406 891 444 914 se
477 878 648 914 brevibus
681 880 810 925 spatiis
842 880 1058 914 intermissis
1089 880 1285 925 excipiunt,
1321 878 1455 914 leviter
1522 882 1529 887 '

161 935 285 972 Cicero
310 936 376 972 has
402 937 671 984 obiurgationes
697 938 864 985 attingit3
890 948 982 984 quae
1008 938 1040 973 si
1065 938 1218 984 scriptae
1248 939 1380 981 essent,
1410 938 1452 971 ut

162 994 367 1040 voluerunt,
393 999 547 1031 exeunte
572 1007 702 1045 mense
719 995 852 1042 Aprili,
885 997 1103 1031 mentionem
1129 1007 1250 1031 earum
1274 996 1313 1030 in
1338 1007 1392 1041 ep.
1418 994 1451 1031 I.

162 1052 196 1088 3.
221 1052 253 1089 Ι.
280 1053 303 1088 5
328 1052 406 1088 fieri
432 1056 731 1100 exspectaremus.
759 1057 883 1088 contra
908 1054 940 1088 si
970 1065 1092 1089 mense
1117 1053 1313 1089 Februario
1346 1053 1453 1088 datae

160 1114 257 1156 sunt,
283 1111 388 1147 facile
412 1111 649 1158 intellegitur,
682 1123 743 1147 cur
769 1111 891 1148 Cicero
917 1124 1039 1148 earum
1063 1113 1272 1148 memoriam
1297 1111 1446 1159 deposu-

161 1170 245 1214 erit3
284 1170 428 1205 omnino
454 1181 597 1205 necesse
630 1174 686 1206 est
710 1171 865 1217 scriptae
894 1171 969 1206 sint
998 1173 1082 1206 ante
1112 1172 1263 1206 mortem
1293 1170 1441 1206 Porciae

161 1228 207 1275 (I.
235 1228 285 1276 9),
319 1228 362 1264 de
394 1229 496 1265 cuius
527 1233 686 1276 tempore
720 1230 831 1266 etiam
863 1230 1111 1266 testimonium
1146 1228 1347 1265 habendum
1382 1232 1451 1275 est,

161 1286 256 1333 quod
280 1298 336 1333 ep.
362 1287 393 1323 I.
422 1287 479 1332 12,
497 1288 532 1323 2.
557 1288 652 1323 inter
668 1288 820 1323 feminas
845 1300 908 1334 pro
934 1289 1055 1334 pueris
1072 1287 1201 1334 Lepidi
1217 1286 1452 1334 deprecantes

160 1345 294 1395 Porcia·
312 1346 385 1381 iam
409 1358 481 1381 non
507 1349 638 1383 exstat.
665 1350 914 1394 argumentum
934 1347 1044 1382 etiam
1061 1347 1236 1382 sumimus
1262 1358 1281 1382 e
1306 1345 1451 1381 Plutar-

161 1404 239 1450 cho,
265 1405 327 1451 qui
351 1417 432 1440 cum
456 1405 581 1440 multis
598 1405 719 1441 verbis
745 1406 981 1452 exposuisset,
1007 1417 1079 1452 qua
1095 1406 1235 1441 ratione
1259 1405 1393 1441 Brutus
1409 1406 1448 1440 in

161 1463 317 1509 epistula
342 1462 547 1499 Ciceronem
572 1465 784 1511 increparet,
810 1464 1091 1511 obiurgationes,
1117 1475 1210 1510 quae
1235 1476 1307 1499 non
1325 1464 1372 1499 ab
1397 1465 1451 1499 eis

163 1522 202 1556 in
228 1533 308 1568 epp.
326 1521 372 1557 ad
388 1520 541 1557 Brutum
552 1522 583 1558 I.
605 1523 649 1558 16
666 1522 838 1557 exhibitis
855 1521 1036 1567 differunt,
1054 1521 1192 1557 addidit
1205 1512 1316 1558 verba
1331 1521 1449 1570 (Brut.

163 1580 249 1626 22):
279 1580 334 1626 „dv
351 1579 411 1627 μὲν
429 1574 484 1616 οὖν
501 1584 577 1623 ταῖς
593 1579 744 1628 πρώταις
759 1581 950 1623 ἐπιστολαῖς
965 1578 1115 1622 τοιοῦτος
1131 1576 1148 1617 ὃ
1165 1579 1344 1627 Βροῦτος.“
1365 1579 1451 1627 quid

160 1638 286 1684 primis
325 1638 490 1685 epistulis
529 1638 781 1685 significatur?
823 1639 944 1685 potius
982 1638 1133 1674 ultimae
1169 1638 1236 1673 hae
1274 1637 1451 1685 epistulae

160 1699 246 1732 sunt
269 1696 450 1733 dicendae.
482 1696 544 1733 sed
569 1709 650 1733 cum
674 1700 792 1733 totum
818 1700 1026 1734 contextum
1056 1697 1312 1744 perspicientes
1343 1696 1451 1733 intel-

159 1755 322 1801 legamus
346 1755 580 1790 Plutarchum
606 1755 649 1790 de
674 1756 780 1791 rebus
805 1757 953 1791 ineunte
978 1766 1072 1790 anno
1100 1755 1167 1790 711
1202 1756 1315 1801 gestis
1341 1754 1452 1790 verba

160 1813 289 1859 facere,
299 1812 450 1849 dicimus
459 1824 537 1849 esse
547 1813 783 1861 supplendum
797 1814 831 1850 ἐν
843 1817 921 1857 ταῖς
932 1811 1081 1861 πρώταις
1090 1811 1155 1850 τῶν
1168 1812 1248 1850 τότε
1259 1810 1449 1850 ἐπιστολῶν.

281 1910 302 1947 ¹)
323 1911 510 1949 Philologus
534 1912 608 1940 1885
629 1922 657 1950 p.
678 1912 747 1941 490.

280 1958 304 1997 ⁹)
326 1959 443 1989 Philol.
465 1960 541 1989 1885
563 1970 591 1998 p.
612 1960 679 1990 489.

279 2008 300 2045 ⁸)
321 2008 479 2038 Schmidt:
511 2009 611 2038 Jahns
631 2009 764 2040 Jahrbb.
787 2009 863 2039 1884
884 2019 912 2049 p.
932 2009 999 2039 632.

278 2059 302 2095 ⁴)
325 2058 372 2086 De
399 2058 449 2086 his
477 2058 620 2095 epistulis
649 2059 756 2086 confer
780 2059 875 2086 etiam
902 2058 1014 2087 Cobet:
1044 2059 1245 2096 Mnemosyne
1271 2058 1309 2088 N.
1331 2058 1361 2088 S.
1381 2057 1450 2086 VII.

158 2116 189 2145 p.
210 2106 267 2136 262
289 2115 330 2136 ss.
