1627 2679
719 126 912 156 -24—

166 222 345 269 diliges«
385 222 468 257 aliis
494 234 583 268 quos
617 222 722 258 affert
745 223 834 259 locis
861 223 946 259 libri
970 235 1157 259 numerum
1184 222 1284 258 addit
1308 222 1462 268 Nonius,

167 282 222 316 ita
246 293 282 328 p.
316 280 400 326 296,
436 280 479 316 8:
515 280 566 316 M.
593 280 734 317 Tullius
772 281 930 329 epistula
966 280 1010 317 ad
1049 280 1200 317 Brutum
1239 280 1304 317 lib.
1338 279 1458 318 V112⁴⁴

170 340 264 375 »his
289 341 469 375 contraria
494 343 603 386 atque
627 343 766 386 parata,
804 344 845 376 ut
869 352 948 376 esse
973 340 1100 385 soleat,
1137 343 1306 387 expertus
1330 348 1460 377 sum.“

168 401 207 434 et
229 410 264 446 p.
294 397 378 444 527,
404 398 473 436 25:
512 398 584 444 „M.
621 398 763 435 Tullius
795 399 951 447 epistula
984 398 1029 435 ad
1062 399 1215 435 Brutum
1247 398 1311 435 lib.
1338 397 1456 435 VIII:

169 461 245 494 ”et
270 457 364 505 quod
388 461 426 494 te
451 461 593 494 tantum
619 462 728 504 amat,
768 462 809 495 ut
833 471 890 495 me
921 459 1052 495 audeat
1081 466 1324 506 provocares(
1372 457 1461 494 haec

168 517 256 563 quin
282 517 320 551 in
347 515 531 563 deperdita
553 519 659 563 ,parte
684 516 769 552 libri
794 518 914 553 octasri
934 517 1152 561 exstiterint,
1178 529 1250 552 non
1275 519 1332 552 est
1356 515 1458 552 dubi-

166 574 337 620 tandum3
371 586 454 609 nam
481 575 568 610 haec
594 577 674 622 ipsa
699 576 810 611 verba
834 575 997 611 indicant
1028 575 1220 622 epistulam
1254 578 1337 622 post
1372 574 1460 610 Idus

168 633 322 668 Martias
355 634 426 668 710
460 645 539 668 esse
570 635 753 680 scriptam,
788 646 869 669 cum
902 646 946 669 ex
979 635 1032 669 eis
1064 645 1319 680 cognoscamus
1353 633 1460 668 Bruti

167 690 312 726 amandi
337 691 517 726 aemulum
543 702 649 739 aegre
674 692 765 727 ferre
791 691 1008 729 Ciceronem.
1037 691 1189 739 denique
1213 691 1313 728 locus
1339 693 1460 727 exstat

167 749 262 797 apud
295 749 453 785 Nonium
488 762 523 796 p.
548 750 635 796 421,
661 750 724 785 31:
767 753 826 795 „et
849 750 913 787 lib.
944 750 1020 785 IX:
1068 750 1269 786 ”Lucilius
1300 748 1459 795 Clodius,

167 808 334 844 tribunus
369 808 486 855 plebis
519 807 741 854 designatus,
774 807 880 844 valde
906 819 963 843 me
988 807 1120 855 diligit,
1154 807 1225 853 vel,
1256 810 1297 843 ut
1331 807 1460 843 enfati-

168 870 311 903 coteron
338 866 466 912 dicam,
496 866 601 902 valde
626 879 683 902 me
708 869 858 902 amat«
897 868 960 913 qui
985 868 1094 902 etiam
1125 867 1169 902 ad
1198 877 1264 902 nos
1295 867 1461 913 pervenit

167 927 206 962 in
243 926 349 970 libro,
387 937 492 973 quem
529 925 693 970 dicimus,
732 926 846 973 primo
873 924 918 960 ad
953 925 1105 961 Brutum
1139 925 1245 960 initio
1282 924 1459 971 epistulae

166 985 314 1031 primae.
340 984 480 1019 Nonius
497 983 670 1019 librorum
687 995 874 1019 numerum
899 995 972 1018 non
988 983 1115 1027 finxit3
1141 994 1225 1017 nam
1252 983 1284 1017 si
1304 983 1370 1018 hoc
1388 982 1460 1018 sibi

167 1043 424 1090 proposuisset,
455 1043 564 1078 etiam
602 1045 739 1078 ceteros
774 1054 862 1089 quos
900 1054 1009 1089 supra
1042 1042 1151 1077 attuli
1181 1041 1278 1077 locos
1313 1053 1459 1077 numero

165 1102 451 1149 designavisset3
477 1101 540 1136 sed
556 1113 636 1136 cum
662 1113 744 1136 eum
760 1114 831 1136 non
852 1102 1063 1145 invenisset,
1090 1101 1232 1146 omisit3
1259 1100 1459 1147 deprompti

167 1163 288 1196 autem
314 1163 399 1195 sunt
424 1159 495 1195 loci
520 1172 564 1194 ex
590 1163 734 1195 auctore
759 1159 855 1195 haud
880 1158 1090 1206 spernendo.

285 1227 352 1262 His
377 1228 490 1273 igitur
506 1230 702 1273 permotus,
728 1230 765 1262 et
790 1238 871 1262 cum
892 1226 1069 1273 epistulae
1094 1228 1201 1261 unius
1227 1230 1264 1262 et
1289 1225 1459 1262 dimidiae

166 1286 280 1332 partis
305 1285 402 1330 libri,
428 1297 517 1332 quos
535 1286 645 1320 etiam
669 1297 765 1320 nunc
782 1285 966 1330 habemus,
992 1288 1157 1320 accurate
1173 1284 1330 1331 reliquos
1347 1284 1459 1320 libros

163 1347 301 1390 septem
317 1344 510 1390 excipiant,
537 1356 687 1390 cumque
704 1355 851 1379 necesse
878 1345 928 1378 sit
943 1346 1103 1390 tempore
1129 1354 1247 1378 rerum
1273 1346 1457 1389 gestarum

163 1402 242 1447 ipso
269 1403 423 1448 scriptae
449 1403 534 1447 sint,
566 1403 652 1448 quia
684 1403 818 1449 optime
844 1414 924 1437 cum
960 1400 1119 1437 eiusdem
1153 1402 1324 1447 temporis
1357 1401 1459 1436 testi-

164 1461 294 1495 moniis
312 1461 504 1496 concinunt
529 1460 665 1509 (confer
691 1460 736 1496 ad
761 1461 845 1496 fam.
863 1461 932 1496 XI.
957 1461 1014 1504 14,
1032 1460 1091 1495 26.
1118 1460 1208 1495 XII.
1227 1460 1263 1504 5,
1282 1460 1316 1504 6,
1344 1459 1378 1505 8,
1400 1460 1458 1504 10,

166 1518 223 1562 14,
252 1517 309 1554 15.
335 1517 429 1553 Corn
455 1518 546 1565 Nep.
574 1518 652 1554 Att.
682 1518 732 1566 8),
759 1531 831 1554 non
856 1518 946 1553 mihi
967 1517 1174 1565 persuaderi
1199 1521 1320 1564 potest
1344 1517 1455 1553 falsas

165 1587 243 1611 esse
257 1576 442 1623 epistulas.
456 1577 484 1624 ¹)
503 1589 585 1612 nam
599 1577 661 1623 qui
678 1589 773 1612 nunc
784 1576 881 1612 solus
894 1579 1009 1611 restat
1022 1575 1259 1623 adversarius,
1278 1576 1413 1612 Becher
1426 1575 1457 1621 ²)

163 1634 296 1670 diserte
323 1635 466 1680 quidem
491 1635 535 1670 de
552 1647 714 1670 sermone
740 1635 976 1681 epistularum
993 1634 1105 1669 verba
1121 1634 1209 1669 facit
1221 1660 1231 1678 ,
1257 1634 1319 1669 sed
1336 1634 1455 1670 studio

285 1783 306 1820 ¹)
329 1784 411 1813 Nolo
432 1786 557 1820 iterare,
578 1793 660 1821 quae
678 1785 754 1813 bene
770 1785 986 1814 disseruerunt
1007 1787 1042 1813 E.
1059 1787 1162 1813 Ruete:
1194 1786 1252 1813 Die
1268 1785 1459 1823 Correspou-

166 1832 245 1860 denz
273 1832 396 1861 Ciceros
422 1834 454 1861 in
482 1833 543 1861 den
565 1833 683 1862 Jahren
703 1833 743 1862 44
762 1833 828 1862 und
849 1833 898 1863 43.
924 1834 1081 1872 Marburg.
1103 1833 1191 1863 1883.
1218 1837 1248 1862 et
1273 1835 1307 1861 L.
1330 1835 1458 1862 Gurlitt:

166 1881 225 1909 Die
245 1881 349 1910 Briefe
365 1881 488 1911 Ciceros
511 1891 551 1911 au
572 1882 611 1911 M.
625 1882 752 1911 Brutus.
771 1882 958 1921 Philologus
973 1883 1082 1921 Suppl.
1098 1883 1150 1912 IV.
1174 1883 1276 1919 (1884)
1299 1892 1329 1921 p.
1344 1883 1402 1912 553
1417 1891 1458 1912 ss.

285 1939 310 1971 ²)
331 1940 423 1968 Ferd.
444 1940 579 1968 Becher:
603 1940 650 1968 De
673 1940 831 1969 Ciceronis
853 1949 933 1977 quae
955 1942 1101 1970 feruntur
1122 1941 1163 1970 ad
1176 1941 1216 1970 M.
1230 1941 1360 1970 Brutum
1377 1942 1458 1979 epis-

165 1988 251 2018 tulis.
272 1988 419 2026 Harburg
441 1988 526 2017 1876.
567 1988 680 2019 Rhein.
701 1989 778 2019 Mus.
800 1989 838 2018 N.
861 1990 894 2019 F.
916 1990 965 2021 37.
986 2000 1017 2028 p.
1037 1990 1104 2020 576.
1126 1999 1166 2019 ss.
1205 1990 1460 2028 Philologischer

164 2037 321 2075 Anzeiger
341 2037 424 2067 XIV.
449 2047 480 2075 p.
505 2037 670 2066 315—-325.
711 2038 770 2066 Die
804 2038 1003 2075 sprachliche
1030 2039 1180 2076 Eigenart
1212 2039 1268 2067 der
1292 2038 1395 2067 Briefe
1418 2039 1459 2067 ad

166 2086 306 2114 Brutum.
326 2085 514 2122 Philologus
536 2085 622 2114 1885.
643 2095 673 2122 p.
695 2085 859 2115 471—501.

282 2144 361 2172 Paul
372 2144 477 2181 Meyer
492 2144 584 2179 enim,
599 2145 654 2180 qui
667 2145 802 2181 primum
814 2145 1036 2174 acerbissimus
1047 2146 1107 2174 fuit
1119 2145 1317 2174 adversarius
1333 2145 1458 2181 (Unter-

165 2192 308 2230 suchung
329 2193 407 2221 iiber
428 2192 479 2221 die
500 2192 598 2230 Frage
621 2193 676 2230 der
690 2193 837 2221 Echtheit
861 2193 915 2222 des
931 2193 1171 2223 Briefwechsels
1195 2194 1301 2222 Cicero
1324 2194 1363 2222 ad
1379 2194 1458 2222 Bru-

163 2244 231 2270 tum
257 2241 380 2270 sowohl
407 2250 480 2270 vom
509 2241 718 2270 historischen
744 2242 790 2270 als
818 2251 890 2270 vom
917 2242 1138 2280 sprachlichen
1164 2242 1365 2280 Standpunkt
1391 2251 1459 2271 aus.

166 2290 279 2318 Ziirich
300 2290 399 2326 1881.)
422 2291 455 2317 in
477 2290 663 2318 seutentiam
686 2289 825 2318 Gurlittii
848 2290 1001 2320 discessit.
1040 2290 1277 2328 Philologische
1299 2289 1456 2319 Wocheu-

166 2338 277 2366 schrift
299 2338 375 2368 1884
395 2338 455 2367 No.
480 2338 516 2367 14
537 2348 568 2375 p.
588 2338 647 2367 423
669 2347 710 2367 ss.
