1627 2679
737 167 912 196 ..6-

173 263 383 299 restinxerit
407 266 471 299 aut
496 263 649 300 sedarit:
676 267 762 299 sunt
787 263 882 299 enim
901 263 964 310 qui
979 262 1172 310 loquantur
1189 264 1300 300 etiam
1316 275 1465 302 mecum.

175 320 237 357 sed
272 321 361 358 haec
385 321 463 370 ipse
488 322 633 370 optime,
670 322 882 370 praesertim
916 322 948 357 si
978 321 1088 359 etiam
1120 325 1238 359 tecum
1262 321 1464 370 loquetur.“

176 379 321 426 scripsit
345 383 431 416 tunc
446 379 570 416 Cicero
595 380 640 415 ad
657 380 811 416 Brutum
828 380 940 416 libros
960 380 1003 416 de
1018 379 1151 416 finibus
1176 380 1240 428 (ad
1254 380 1336 417 Att.
1352 380 1465 418 XIII.

177 438 235 484 12,
260 437 299 485 3)
323 442 361 475 et
377 438 483 475 valde
499 437 653 475 afflictus
670 441 739 485 est,
764 438 859 486 quod
875 438 1011 475 Balbus
1027 439 1194 486 quintum
1209 438 1342 476 librum
1365 439 1465 487 prius

177 509 286 544 quam
311 497 447 534 Brutus
471 497 621 546 legisset
645 497 708 544 (ad
732 498 814 534 Att.
840 497 951 536 XIII.
977 497 1036 544 21,
1061 498 1098 534 4.
1123 497 1182 544 22,
1208 496 1258 544 3).
1284 497 1395 534 etiam
1418 509 1465 547 ex

176 555 322 592 crebris·
350 555 620 603 quaestionibus
657 556 696 591 in
731 555 898 605 epistulis
930 556 975 592 ad
1001 557 1160 593 Atticum
1184 555 1310 604 (XIII.
1336 557 1396 602 14,
1427 555 1462 593 2.

173 614 235 659 16,
260 614 295 652 2.
321 614 397 663 17.)
433 619 683 663 argumentum
714 616 888 651 sumimus
922 614 1128 652 Ciceronem
1158 626 1280 651 amare
1313 615 1465 651 Brutum

174 673 344 720 coepisse.
372 673 434 719 qui
458 685 539 709 cum
556 672 702 709 Caesari
729 685 774 709 ex
790 673 968 720 Hispania
992 673 1155 709 redeunti
1180 672 1325 708 obviam
1348 673 1466 709 iturus

174 734 259 767 ante
284 730 480 767 discessum
497 730 703 768 Ciceronem
727 732 767 767 in
783 731 986 768 Tusculano
1007 731 1196 768 convenire
1220 730 1343 776 vellet,
1367 731 1400 767 is
1425 742 1465 766 se

174 788 282 824 malle
314 789 451 824 Romae
489 801 596 836 quam
633 791 672 824 in
701 789 904 826 Tusculano
941 789 1093 826 Brutum
1131 789 1252 825 videre
1283 788 1467 835 respondit

175 846 238 893 (ad
263 845 344 883 Att.
370 846 481 883 XIII.
507 847 575 894 23,
604 848 660 894 1);
687 859 771 883 nam
796 847 848 882 ibi
873 847 908 882 ei
932 847 1079 894 negotia
1103 850 1217 893 erant,
1243 846 1362 883 auctio
1386 846 1467 882 hor-

174 909 293 941 torum
333 909 371 942 et
406 909 663 942 testamentum
688 906 961 954 obsignandum,
993 905 1035 942 ad
1062 905 1155 952 quod
1182 906 1291 942 etiam
1310 904 1464 942 Brutum

174 963 343 999 adhibere
381 964 498 1000 voluit
534 968 663 1001 testem
701 964 764 1012 (ad
789 964 869 1000 Att.
895 964 1006 1000 XIII.
1032 964 1092 1010 25,
1125 963 1197 1011 2).ι
1217 964 1301 999 dum
1330 963 1465 1000 Brutus

176 1022 290 1069 abest,
316 1021 439 1059 Cicero
456 1023 616 1070 Porciae,
641 1023 794 1060 Domitii
810 1023 1044 1060 Ahenobarbi
1061 1023 1195 1070 uxoris,
1206 1022 1462 1060 laudationem

176 1081 321 1127 scripsit
345 1082 408 1128 (ad
433 1081 513 1118 Att.
539 1082 650 1118 XIII.
677 1082 736 1127 37,
764 1082 817 1128 3),
856 1093 963 1128 quam
1000 1086 1083 1128 post
1112 1081 1198 1118 Kal.
1225 1081 1325 1118 Sext.
1353 1082 1465 1117 Bruto

175 1150 239 1185 per
255 1138 419 1175 Atticum
444 1139 656 1176 mittendam
673 1140 814 1176 curavit
839 1139 902 1186 (ad
918 1139 998 1176 Att.
1016 1139 1126 1176 XIII.
1144 1139 1204 1186 48,
1222 1138 1274 1187 2).
1298 1139 1360 1175 sed
1376 1150 1464 1175 cave

176 1196 299 1233 credas
323 1209 458 1233 meram
482 1198 556 1233 iam
581 1210 623 1234 ac
639 1209 763 1233 veram
787 1198 883 1234 inter
899 1197 1105 1233 Ciceronem
1130 1201 1168 1234 et
1179 1198 1332 1234 Brutum
1355 1198 1464 1234 inter-

174 1257 329 1292 cessisse
354 1256 658 1302 familiaritatem3
685 1268 769 1292 nam
784 1256 990 1293 redeuntem
1007 1256 1159 1293 Brutum
1184 1256 1322 1293 Romae
1346 1256 1465 1292 videre

175 1315 298 1351 Cicero
334 1314 453 1351 noluit
491 1318 531 1351 ut
555 1313 720 1350 Caesaris
758 1314 932 1350 asseclam
971 1314 1033 1362 (ad
1072 1317 1148 1352 Att.
1174 1314 1285 1351 ΧΠΙ.
1312 1314 1370 1361 39,
1401 1313 1462 1362 2);

174 1376 297 1410 tamen
334 1373 441 1421 paulo
478 1377 562 1420 post
597 1374 636 1409 in
660 1373 863 1410 Tusculano
889 1385 971 1409 eum
1000 1373 1134 1421 recepit
1158 1372 1219 1421 (ad
1244 1372 1326 1410 Att.
1350 1372 1463 1410 XIII.

175 1432 236 1476 44,
265 1432 313 1478 1).
352 1432 447 1468 inter
472 1431 637 1467 Caesaris
675 1432 833 1476 comites,
873 1432 936 1478 qui
966 1443 1047 1467 eum
1073 1443 1118 1467 ex
1143 1431 1321 1479 Hispania
1346 1432 1461 1467 secuti

176 1494 272 1535 sunt,
301 1490 435 1526 Brutus
461 1491 570 1526 etiam
582 1489 626 1531 Q.
639 1489 820 1525 Ciceronis
832 1489 946 1525 filium
959 1490 1111 1536 viderat,
1137 1491 1238 1526 cuius
1251 1494 1293 1526 ut
1304 1490 1464 1525 animum

176 1551 304 1595 patruo
329 1548 585 1593 reconciliaret,
623 1559 766 1595 operam
790 1547 929 1584 dedisse
954 1548 1054 1584 visus
1079 1551 1136 1584 est
1160 1547 1220 1596 (ad
1246 1547 1327 1584 Att.
1352 1547 1463 1585 XIII.

178 1606 237 1653 38,
264 1607 297 1642 1.
325 1607 384 1651 40,
410 1608 444 1642 1.
470 1608 530 1652 41,
556 1606 609 1652 2).

780 1714 863 1751 710.

293 1782 418 1818 Idibus
443 1782 586 1818 Martiis
612 1794 705 1818 anno
733 1783 804 1818 710
828 1783 938 1818 etiam
964 1794 1007 1818 ea
1031 1794 1150 1828 causa,
1175 1782 1218 1819 de
1243 1794 1315 1830 qua
1339 1781 1462 1820 Cicero

175 1845 212 1877 et
236 1841 371 1876 Brutus
396 1840 442 1876 ad
466 1840 501 1875 id
527 1844 669 1887 tempus
693 1841 788 1876 inter
813 1852 851 1876 se
868 1840 1100 1886 dissidebant,
1126 1841 1271 1877 sublata
1295 1846 1363 1887 est,
1389 1845 1461 1878 sta-

173 1899 263 1936 bant
287 1899 333 1935 ab
358 1899 484 1935 iisdem
510 1899 691 1946 partibus,
716 1903 757 1936 ut
781 1911 856 1935 rem
881 1910 1004 1935 veram
1024 1897 1146 1936 Cicero
1172 1899 1218 1935 ad
1235 1899 1460 1936 Dolabellam

174 1958 347 1994 scriberet
372 1957 434 2004 (ad
454 1958 533 1995 Att.
551 1957 657 1994 XIV.
674 1958 731 2003 17,
756 1957 804 1995 A.
819 1959 852 2004 5,
878 1957 923 1993 ad
946 1958 1031 1993 fam.
1049 1958 1118 1993 IX.
1141 1959 1198 2003 14,
1213 1959 1274 2005 5):
1303 1970 1464 2006 „semper

175 2016 307 2061 amavi,
346 2020 386 2053 ut
423 2017 493 2053 scis
519 2016 569 2052 M.
596 2016 748 2053 Brutum
781 2020 926 2065 propter
959 2016 1037 2053 eius
1062 2028 1240 2053 summum
1264 2016 1460 2065 ingenim,

174 2076 407 2111 suavissimos
433 2087 560 2122 mores,
586 2075 805 2123 singularem
829 2076 1046 2124 probitatem
1069 2080 1179 2123 atque
1204 2076 1461 2113 constantiam:

173 2138 295 2170 tamen
319 2133 444 2169 Idibus
468 2134 612 2170 Martiis
637 2138 778 2170 tantum
804 2135 957 2170 accessit
981 2134 1026 2169 ad
1051 2145 1219 2179 amorem,
1247 2138 1288 2170 ut
1311 2134 1460 2170 mirarer

173 2192 290 2227 locum
315 2192 427 2228 fuisse
452 2192 606 2240 augendi
630 2193 669 2227 in
686 2203 740 2238 eo,
766 2192 860 2239 quod
885 2192 973 2228 mihi
998 2192 1071 2228 iam
1088 2191 1225 2239 pridem
1242 2192 1462 2229 cumulatum

175 2251 285 2286 etiam
310 2250 531 2286 videbatur.“
571 2251 654 2285 inde
679 2251 725 2286 ab
758 2250 822 2286 illo
849 2255 1009 2298 tempore
1025 2250 1070 2286 de
1094 2250 1278 2298 republica
1302 2251 1398 2287 inter
1422 2262 1462 2286 se

175 2307 289 2344 multa
299 2319 362 2356 per
374 2308 516 2344 crebras
528 2308 669 2344 litteras
680 2309 942 2345 communicant
954 2320 964 2355 ς
990 2307 1136 2345 Atticus
1149 2309 1245 2344 enim
1257 2307 1461 2344 Ciceronem

174 2368 330 2415 rogavit,
357 2371 398 2404 ut
422 2380 486 2415 pro
500 2367 612 2404 Bruto
638 2368 838 2404 contionem
852 2368 1023 2405 scriberet
1047 2367 1108 2417 (ad
1121 2368 1201 2404 Att.
1215 2367 1319 2406 XIV.
1334 2368 1394 2414 20,
1407 2369 1461 2415 4),
