1627 2679
710 154 903 183 ..19-

63 228 72 237 Γ
93 253 99 258 ’
135 294 142 301 ,
164 268 243 294 cum
269 254 434 301 legeris«
462 255 541 287 tum
564 251 604 286 in
626 250 867 286 Puteolanum
893 251 1072 297 profectus
1101 250 1224 287 Cicero
1249 263 1283 287 a.
1301 250 1333 286 d.
1352 249 1451 286 VIII

165 314 252 352 Idus
276 311 402 355 Quint.
427 308 474 345 ad
502 308 654 345 Brutum
677 304 718 344 in
745 307 914 345 Nesidem
939 309 1009 345 ivit
1032 308 1092 358 (ad
1123 309 1202 346 Att.
1220 309 1325 346 XVI.
1348 311 1380 356 1,
1399 308 1450 358 1),

166 383 273 421 quem
303 382 341 406 se
375 369 536 405 visurum
565 378 644 402 esse
672 367 745 402 iam
775 378 809 404 a.
838 367 870 402 d.
902 367 974 405 III.
999 367 1084 403 Kal.
1109 367 1233 410 Quint.
1259 369 1450 416 scripserat

164 430 234 483 (ad⁷
251 429 331 466 Att.
356 426 440 464 XV.
466 424 542 473 25).
575 436 656 461 cum
687 428 808 462 autem
832 428 870 462 et
893 437 927 462 a.
951 425 986 462 d.
1011 425 1098 463 VII.
1130 426 1216 462 Idus
1240 426 1376 464 Brutus
1401 427 1448 463 ab

165 502 208 527 eo
231 490 428 526 conventus
454 488 550 521 esset
574 483 634 532 (ad
662 483 742 521 Att.
760 483 866 520 XVI.
884 484 918 531 5,
939 484 977 532 1)
1002 496 1117 532 neque
1133 497 1166 523 a.
1184 486 1217 524 d.
1236 485 1298 532 VI,
1325 487 1449 523 statim

165 549 201 585 ei
225 546 369 594 scripsit
402 544 466 589 (ad
498 543 578 580 Att.
612 544 717 579 XVI.
743 544 779 589 2,
806 543 857 591 1),
892 547 933 579 ut
964 544 1161 590 adyeniret,
1198 545 1291 592 quod
1327 544 1450 581 Cicero

166 605 326 654 proximo
352 603 409 638 die
433 603 534 647 fecit3
560 602 702 637 demum·
725 605 808 648 post
831 601 919 636 Idus
935 601 1059 642 Quint.
1084 614 1107 637 a
1123 602 1256 638 Neside
1272 603 1451 649 profectus

165 672 247 699 esse
268 662 410 698 videtur
435 661 498 707 (ad
523 660 604 697 Att.
629 659 733 696 XVI.
760 660 796 705 6,
822 660 871 705 3),
897 663 935 696 et
951 659 1074 696 Cicero
1100 673 1119 696 e
1141 661 1357 708 Pompeiano
1382 661 1451 696 dis-

99 719 104 723 ’
166 720 294 758 cedens
328 731 368 754 se
393 730 425 754 a.
456 718 490 754 d.
513 717 555 753 ⁴X
579 716 664 755 Kal.
692 716 848 753 Sextiles
874 717 1052 753 Vibonem
1076 718 1238 756 contulit.
1264 718 1389 755 deinde
1413 719 1452 754 in

167 780 388 826 Leucopetra.
416 780 564 813 ventum
590 777 814 824 exspectanti
839 776 1040 813 attulerunt
1062 776 1216 824 Neapoli
1240 789 1262 813 a
1278 777 1390 814 Bruto
1416 783 1453 815 et

167 850 191 873 a
207 837 332 873 Cassio
344 836 501 883 Rhegini
518 835 662 881 quidam
678 834 820 870 litteras
845 836 975 870 missas
1001 835 1045 870 ad
1063 834 1267 870 consulares
1292 841 1330 871 et
1354 847 1452 883 prae-

167 895 291 940 torios,
316 893 445 941 quibus
471 893 581 928 verba
605 892 650 927 ad
674 892 793 940 ipsum
814 891 1018 928 Ciceronem
1035 893 1157 929 addita
1173 896 1276 929 erant
1300 893 1360 942 (ad
1373 894 1452 930 Att.

112 968 114 970 ’
168 953 273 993 XVI.
293 954 351 999 17,
367 954 406 988 1:
437 950 635 997 „addebant
655 952 764 987 etiam
781 962 838 986 me
855 951 1059 998 desiderari,
1085 952 1366 1000 subaccusari“).
1393 953 1455 999 qui

168 1012 292 1060 paucis
321 1010 447 1045 diebus
471 1012 554 1056 post
579 1009 730 1044 Brutum
750 1008 878 1043 Veliae
891 1009 984 1044 vidit
1008 1021 1040 1045 a.
1060 1009 1092 1045 d.
1117 1009 1212 1044 XVI
1229 1010 1314 1047 Kal.
1344 1010 1454 1057 Sept..

168 1069 254 1117 quid
279 1067 481 1116 Septembri
506 1078 626 1103 mense
650 1067 784 1104 factum
805 1067 869 1114 sit,
895 1067 1088 1114 nescimus3
1115 1080 1236 1105 mense
1256 1072 1377 1106 autem
1397 1081 1455 1105 ex-

169 1132 276 1163 eunte
300 1127 446 1163 Octobri
471 1127 597 1161 nuntio
623 1126 666 1160 de
691 1126 804 1161 Bruto
834 1137 953 1161 carere
980 1125 1186 1162 Ciceronem
1211 1129 1455 1174 cognoscimus

169 1185 231 1231 (ad
255 1185 336 1222 Att.
362 1184 447 1220 XV.
476 1184 532 1231 13,
559 1186 593 1221 4.
619 1184 723 1220 XVI.
751 1184 791 1230 8,
818 1183 870 1231 2).

286 1242 488 1290 Epistulae,
513 1254 603 1289 quas
627 1243 835 1289 reperimus,
860 1243 965 1278 datae
991 1247 1092 1279 sunt:

245 1301 284 1347 1)
311 1300 491 1336 Ciceronis
516 1312 548 1335 a.
576 1301 608 1336 d.
634 1300 702 1336 IV.
728 1301 852 1336 Nonas
876 1301 1006 1341 Maias,

243 1358 282 1407 2)
307 1359 414 1396 Bruti
437 1363 583 1407 accepta
608 1370 640 1394 a.
666 1358 699 1394 d.
726 1358 761 1394 V
785 1358 871 1395 Idus
896 1359 1031 1406 Maias,

244 1419 285 1465 3)
313 1417 493 1454 Ciceronis
518 1430 550 1454 a.
577 1418 611 1452 d.
637 1417 683 1454 V.
710 1418 796 1453 Idus
823 1418 953 1464 Maias,

243 1477 284 1525 4)
309 1476 413 1513 Bruti
437 1475 575 1512 reddita
594 1475 702 1524 paulo
728 1479 812 1512 ante
839 1487 872 1511 a.
898 1476 931 1511 d.
957 1475 1063 1512 XVI·
1076 1475 1160 1513 Kal.
1187 1477 1322 1524 Iunias,

243 1535 282 1580 5)
307 1536 412 1572 Bruti
436 1535 478 1571 de
504 1536 664 1571 oratione
689 1547 766 1582 sua,
792 1539 939 1583 accepta
964 1547 997 1571 a.
1022 1536 1056 1572 d.
1081 1535 1156 1571 XV
1180 1535 1264 1571 Kal.
1290 1537 1383 1583 Iun.,

246 1593 285 1641 6)
311 1593 492 1629 Ciceronis
517 1597 668 1629 exeunte
693 1605 815 1629 mense
839 1594 950 1640 Maio,

246 1651 285 1697 7)
310 1651 415 1687 Bruti
439 1651 625 1688 consilium
650 1651 806 1699 petentis
831 1655 916 1688 ante
941 1651 1026 1687 Kal.
1051 1651 1188 1699 Iunias,

245 1711 287 1757 8)
312 1710 418 1746 Bruti
442 1710 582 1746 circiter
606 1709 731 1746 Nonas
756 1710 893 1756 Iunias,

246 1768 286 1816 9)
312 1767 492 1804 Ciceronis
517 1768 639 1803 eodem
664 1771 835 1814 tempore,

224 1825 286 1876 10)
313 1825 493 1863 Ciceronis
519 1830 672 1863 exeunte
696 1838 818 1862 mense
843 1826 962 1872 Iunio,

225 1885 287 1933 11)
312 1886 418 1923 Bruti
441 1885 581 1933 perlata
605 1885 717 1933 pridie
743 1885 827 1921 Kal.
854 1885 1051 1931 Quintiles,

226 1943 288 1993 12)
313 1945 418 1981 Bruti
443 1947 588 1992 accepta
613 1955 646 1979 a.
671 1943 704 1980 d.
725 1942 787 1979 III
811 1943 936 1979 Nonas
961 1943 1098 1990 Quint„

226 2003 287 2051 13)
312 2002 418 2039 Bruti
442 2001 579 2038 reddita
604 2013 637 2036 a.
663 2001 696 2037 d.
721 2000 779 2036 VI
803 2001 890 2037 Idus
916 2000 1052 2048 Quint„

226 2060 286 2108 14)
311 2060 416 2096 Bruti
440 2063 478 2095 et
502 2058 619 2095 Cassii
642 2059 786 2095 litterae
810 2059 855 2094 ad
875 2059 1079 2095 consulares
1105 2060 1233 2095 missae
1259 2059 1388 2094 additis
1413 2059 1459 2094 ad

312 2117 518 2155 Ciceronem
542 2117 663 2154 verbis
687 2117 835 2154 ineunte
859 2129 982 2154 mense
1007 2116 1144 2155 Sextili.

744 2244 749 2247 »
776 2216 859 2254 711.

291 2285 531 2322 Transeamus
555 2284 600 2320 ad
635 2295 768 2320 annum
801 2282 883 2322 711.
917 2296 1032 2333 pauca
1065 2284 1168 2320 nobis
1201 2288 1344 2332 praesto
1377 2288 1463 2321 sunt

175 2343 394 2391 testimonia,
419 2343 573 2393 primum
596 2343 636 2379 in
660 2342 817 2391 epistula
834 2342 878 2380 ad
895 2342 1060 2381 Cassium
1077 2343 1139 2391 (ad
1159 2343 1244 2382 fam.
1262 2343 1352 2380 XII.
1369 2345 1406 2389 4,
1422 2343 1462 2393 2)
