1627 2679
724 146 903 176 ..4-

285 301 389 344 Quod
414 302 524 339 etiam
557 302 768 351 intellegere
792 307 896 351 potes
922 315 965 340 ex
999 303 1141 351 frigidis
1165 303 1299 350 verbis,
1324 303 1457 351 quibus

164 359 289 396 Cicero
315 372 353 396 se
378 360 532 397 Brutum
556 362 596 396 in
620 362 748 398 castris
773 361 936 408 Pompeii
960 362 1134 409 reperisse
1162 360 1287 398 Attico
1311 362 1458 399 nuntiat

164 418 228 467 (ad
244 418 325 456 Att.
342 418 412 457 XI.
426 419 462 465 4,
480 418 542 467 2):
572 418 728 465 „Brutus
744 419 900 466 amicus3
925 419 965 456 in
978 431 1088 456 causa
1106 423 1272 456 versatur
1288 419 1455 457 actitem

164 478 226 513 sed
250 478 324 513 iam
348 478 496 514 ineunte
525 489 647 513 mense
671 477 869 514 Novembri
894 476 1016 514 Cicero
1042 478 1272 514 Brundisium
1305 480 1458 516 revertit

164 547 282 583 neque
306 539 450 584 postero
475 539 635 583 tempore
659 535 703 571 de
727 535 841 572 Bruto
866 540 1129 573 commemorat.

281 673 417 708 Tamen
451 672 741 708 consuetudinem
769 672 973 708 litterarum
1004 673 1099 709 inter
1128 684 1190 708 eos
1215 673 1455 720 permansisse

162 734 325 780 apparet,
351 731 437 779 quia
461 743 582 768 mense
606 730 680 768 fere
705 729 838 768 Sextili
864 729 987 768 Cicero
1013 730 1204 779 epistulam
1231 742 1254 767 a
1277 730 1390 768 Bruto
1414 731 1454 768 in

160 790 255 825 Asia
280 790 451 837 scriptam
476 790 614 837 accepit
638 788 727 837 (Cic.
741 790 842 827 Brut.
862 790 897 835 3,
918 790 995 836 11).
1023 790 1167 826 omnino
1191 801 1307 837 panca
1327 790 1370 825 de
1386 790 1455 826 hoc

161 860 257 884 anno
295 848 541 896 comperimus,
577 860 657 884 cum
696 860 768 884 non
802 847 884 896 plus
910 848 956 885 1⁷
995 847 1172 896 epistulae
1209 848 1254 884 ad
1289 847 1454 885 Atticum

162 911 318 943 exstant.

278 1044 405 1091 Neque
430 1043 583 1080 multum
608 1056 652 1080 ex
677 1056 806 1080 novem
835 1043 1001 1092 epistulis
1023 1056 1117 1080 anno
1135 1044 1206 1081 708
1226 1043 1273 1080 ad
1288 1042 1452 1080 Atticum

159 1103 304 1149 scriptis
328 1102 523 1148 lucramur3
549 1103 588 1137 in
609 1102 738 1149 quibus
764 1102 875 1138 semel
891 1102 995 1138 Bruti
1012 1102 1145 1138 mentio
1163 1102 1205 1138 fit
1224 1102 1329 1150 (XII.
1349 1104 1383 1149 5,
1398 1103 1450 1149 3),

160 1162 224 1197 ubi
250 1159 373 1197 Cicero
408 1160 451 1196 de
477 1161 554 1196 eius
584 1161 741 1208 epitoma
765 1160 985 1196 Fanniorum
1009 1160 1121 1197 verba
1144 1160 1243 1197 facit.
1280 1161 1340 1197 sed
1378 1161 1452 1197 alia

159 1219 267 1256 nobis
292 1223 436 1267 praesto
454 1223 539 1255 sunt
562 1219 705 1264 indicia,
732 1219 862 1266 quibus
888 1219 1163 1266 demonstratur,
1188 1219 1306 1266 qualis
1322 1219 1451 1255 famili-

159 1279 273 1315 aritas
296 1278 415 1313 fuerit.
443 1289 522 1313 cum
556 1278 652 1313 enim
681 1278 816 1314 Brutus
839 1290 862 1313 a
888 1277 1039 1314 Caesare
1073 1277 1217 1314 Galliae
1246 1277 1450 1326 Cisalpinae

159 1336 360 1384 praefectus
385 1335 444 1384 (ad
470 1336 555 1373 fam.
581 1335 648 1372 VI.
668 1336 702 1382 6,
730 1336 793 1385 10)
820 1348 865 1371 ex
890 1335 1060 1372 Cicerone
1084 1337 1286 1384 petivisset,
1313 1341 1354 1373 ut
1379 1337 1450 1372 sibi

160 1395 292 1430 librum
326 1394 548 1440 inscriberet,
587 1393 774 1430 Oratorem
800 1393 922 1430 Cicero
956 1394 1001 1430 ad
1031 1406 1113 1431 eum
1138 1395 1249 1442 misit,
1287 1407 1392 1442 quem
1417 1395 1452 1431 is

159 1453 383 1500 vituperavit
408 1453 468 1499 (ad
493 1453 574 1489 Att.
600 1452 707 1490 XIV.
732 1453 792 1499 20,
817 1453 867 1500 3).
900 1457 996 1490 certe
1025 1453 1117 1490 hanc
1141 1454 1450 1502 reprehensionem

159 1524 232 1548 non
257 1512 399 1559 signum
424 1510 682 1548 familiaritatis
708 1511 869 1558 dicimus,
895 1523 1003 1559 quam
1029 1512 1119 1549 satis
1144 1513 1312 1561 exiguam
1336 1512 1449 1556 fuisse

158 1570 402 1617 intellegimus
428 1571 537 1605 etiam
555 1582 598 1606 ex
616 1570 780 1618 epistulis
797 1571 892 1607 datis
905 1571 949 1606 ad
966 1572 1115 1607 Brutum
1132 1571 1447 1618 commendatitiis,

157 1640 249 1676 quae
274 1628 313 1663 in
337 1628 429 1663 libro
454 1627 554 1662 XIII
578 1627 622 1663 ad
647 1628 731 1663 fam.
750 1629 895 1665 10—14
924 1625 1080 1666 exstant.
1105 1641 1137 1666 e.
1162 1641 1198 1676 g.
1223 1630 1262 1665 in
1288 1629 1444 1677 epistula

157 1687 217 1723 XI
242 1685 365 1723 Cicero
391 1686 493 1732 ponit
508 1684 535 1731 ¹)
570 1685 721 1721 Brutum
759 1686 860 1731 scire,
893 1687 993 1722 cuius
1019 1688 1204 1734 municipii
1229 1688 1296 1724 sit:
1338 1688 1447 1734 „quia

155 1755 295 1791 semper
311 1743 550 1778 animadverti
562 1743 720 1778 studiose
733 1747 770 1779 te
783 1755 926 1791 operam
944 1745 1039 1789 dare,
1065 1748 1106 1780 ut
1122 1756 1168 1780 ne
1181 1745 1265 1792 quid
1281 1757 1442 1781 meorum

156 1803 225 1841 tibi
241 1806 338 1839 esset
362 1802 538 1849 ignotum,
563 1805 752 1849 propterea
769 1815 841 1838 non
860 1802 984 1840 dubito
1002 1803 1089 1850 quin
1107 1804 1211 1849 scias,
1237 1816 1309 1840 non
1330 1803 1447 1840 solum

155 1862 257 1897 cuius
283 1860 470 1905 municipii
494 1860 574 1905 sim,
612 1860 673 1895 sed
699 1861 807 1896 etiam
834 1872 941 1907 quam
973 1861 1163 1909 diligenter
1188 1862 1323 1897 soleam
1347 1874 1448 1898 meos

155 1919 353 1966 municipes
373 1916 593 1967 [Arpinates]
620 1918 747 1955 tueri.“
775 1918 929 1955 alterum
953 1919 1110 1967 petimus
1135 1920 1382 1957 testimonium
1400 1932 1445 1957 ex

155 1978 276 2014 verbis
308 1976 488 2013 Ciceronis
527 1977 566 2011 in
596 1977 699 2023 libro,
738 1978 800 2023 qui
832 1978 1041 2014 inscribitur
1069 1978 1213 2021 Brutus,
1253 1990 1346 2014 anno
1372 1979 1446 2015 708

153 2036 351 2083 composito
386 2035 437 2083 (5,
470 2034 550 2081 21):
597 2046 725 2081 „quem
758 2047 824 2083 ego
859 2047 1068 2082 sermonem,
1103 2048 1184 2072 cum
1221 2036 1265 2072 ad
1291 2036 1446 2073 Brutum

154 2100 259 2129 tuum
285 2094 349 2128 vel
372 2099 539 2128 nostrum
558 2093 687 2138 potius
712 2093 932 2140 detulissem,
958 2105 1087 2141 magno
1109 2105 1214 2141 opere
1237 2094 1296 2131 hio
1321 2094 1444 2130 audire

156 2165 195 2188 se
220 2152 314 2188 velle
332 2153 459 2189 dixit.“
489 2153 562 2188 iam
587 2156 671 2188 ante
692 2152 879 2188 Oratorem
897 2153 959 2188 sed
976 2153 1097 2189 eodem
1117 2154 1188 2190 isto
1206 2165 1299 2190 anno
1320 2152 1446 2190 Cicero

154 2211 198 2246 ad
226 2211 376 2247 Brutum
403 2211 591 2247 Paradoxa
607 2211 637 2258 ²)
667 2211 819 2257 scripsit.

272 2308 294 2345 ¹)
317 2309 495 2337 Drumann:
519 2307 703 2336 Geschichte
724 2308 819 2336 Roms
839 2307 893 2336 VI.
914 2317 943 2345 p.
965 2307 1032 2338 284.

271 2357 293 2392 ²)
315 2357 452 2386 Teuffel:
475 2357 562 2385 Rom.
585 2355 935 2394 Litteraturgeschichte
956 2358 972 2392 ξ
993 2356 1061 2394 173,
1081 2357 1109 2386 3.
