1627 2679
715 158 907 187 -15-

171 254 307 295 crebris
329 254 494 303 epistulis
519 266 564 290 ex
590 254 708 291 Attico
744 265 913 302 quaerere
946 254 1118 300 videmus,
1149 254 1290 302 quando
1323 253 1457 290 Brutus

171 315 317 352 Caesari
343 314 487 350 obviam
511 314 564 348 ire
587 312 745 349 voluerit
768 313 831 360 (ad
856 315 933 350 Att.
958 313 1069 349 XIII.
1100 315 1155 359 14,
1172 310 1294 359 2116,
1311 313 1347 348 2.
1376 311 1455 359 17);

170 383 286 421 neque
309 373 387 420 ipse
412 370 457 406 ad
482 382 562 407 eum
588 371 724 418 scribit,
750 382 830 407 cum
847 371 890 408 de
905 371 998 408 libro
1019 371 1084 418 „de
1106 371 1259 407 finibus“
1281 370 1455 407 mittendo

169 443 234 480 per
257 425 420 468 Atticum
445 442 525 466 cum
542 441 585 466 eo
609 422 845 467 communicet
868 430 928 479 (ad
944 432 1022 468 Att.
1038 430 1148 466 XIII.
1167 430 1226 475 12,
1253 429 1312 478 3):
1341 441 1456 476 „nunc

170 490 272 527 illam
296 487 370 536 περὶ
394 490 499 524 τελῶν
524 486 677 531 σύνταξιν
701 484 787 524 sane
823 489 912 524 mihi
935 489 1123 536 probatam
1147 488 1273 534 Bruto,
1313 492 1353 524 ut
1388 487 1457 523 tibi

169 546 316 598 placuit,
341 544 605 594 despondimus,
641 546 749 593 idque
780 557 860 582 eum
891 559 964 583 non
997 540 1093 583 nolle
1123 546 1212 582 mihi
1243 546 1452 594 scripsisti.“

170 608 279 644 etiam
305 618 344 643 se
364 609 488 653 optare
503 605 698 642 constituto
714 605 792 642 loco
809 618 889 642 cum
906 604 1075 642 Cicerone
1091 605 1189 653 loqui
1209 617 1273 653 per
1289 605 1454 642 Atticum

170 665 315 701 nuntiat
338 664 488 709 Brutus3
526 675 611 698 nam
635 664 759 700 Cicero
791 664 948 699 scribens
982 664 1045 711 (ad
1070 664 1150 701 Att.
1175 664 1286 699 XIII.
1311 663 1370 709 23,
1400 662 1454 709 1):

173 720 329 769 „Brutus
353 722 497 759 mallem
521 733 579 758 me
604 723 832 769 arcesseret,“
859 722 1023 759 rescribit
1040 723 1151 760 Attici
1171 721 1346 770 epistulae
1371 721 1410 769 (1.
1429 720 1454 757 1.

174 781 486 828 „antemeridianis
521 780 596 816 tuis
628 780 761 816 litteris
793 781 871 816 heri
904 781 1028 817 statim
1052 782 1238 827 rescripsi3
1276 792 1372 816 nunc
1397 792 1453 814 re-

169 839 329 886 spondeo
363 838 637 887 vespertinis“).
680 843 717 875 et
753 851 833 875 cum
863 839 1015 876 Brutum
1051 840 1236 876 certiorem
1272 839 1382 875 faciat
1410 850 1455 880 ,se

169 898 296 935 Idibus
331 897 486 933 Romam
522 901 714 934 venturum
751 910 848 945 esse,
883 910 964 934 eum
1001 910 1073 934 non
1110 897 1320 946 respondere
1354 897 1453 933 illius

170 956 346 1004 epistulae
371 956 499 992 docent
522 956 634 993 verba
658 957 719 1006 (ad
744 957 824 994 Att.
850 956 960 995 XIII.
986 956 1046 1004 25,
1073 957 1132 1004 2):
1162 957 1319 1004 „scripsi
1341 957 1453 1004 igitur

170 1015 214 1051 ad
239 1015 392 1052 Brutum
416 1015 489 1051 iam
514 1015 615 1062 illud,
642 1016 735 1063 quod
760 1020 955 1065 putassem,
980 1016 1105 1052 Idibus
1122 1015 1213 1052 nihil
1230 1027 1319 1063 opus
1339 1016 1453 1051 esse.“

168 1073 278 1110 velim
294 1074 466 1121 respicias
485 1086 558 1110 non
574 1074 689 1111 dicere
712 1075 919 1122 ›rescripsi‹
941 1073 1157 1121 Ciceronem,
1183 1074 1245 1110 sed
1266 1074 1446 1121 ›scripsi.‹

170 1132 281 1179 (idem
305 1132 351 1168 ad
374 1131 455 1169 Att.
481 1132 592 1170 XIII.
618 1133 677 1180 33,
703 1133 738 1169 5.
754 1133 785 1181 ι)
821 1133 943 1170 datam
971 1136 1095 1170 autem
1128 1145 1206 1169 esse
1230 1144 1310 1169 eam
1334 1135 1455 1168 statuo

169 1190 293 1238 paucis
318 1190 442 1226 diebus
466 1194 549 1238 post
564 1191 688 1227 Nonas
705 1191 843 1238 Quint.‚
868 1204 949 1228 cum
973 1192 1012 1227 in
1029 1191 1231 1227 Tusculano
1248 1190 1454 1227 Ciceronem

170 1247 361 1295 epistulam
385 1248 493 1285 XIII.
521 1248 580 1285 33.
613 1250 798 1297 scripsisse
830 1261 1004 1298 ponamus
1033 1261 1078 1285 ex
1107 1249 1228 1285 verbis
1253 1251 1276 1294 ξ
1301 1250 1344 1285 4:
1391 1247 1456 1293 „de

169 1306 331 1343 Varrone
355 1306 607 1354 loquebamur:
633 1308 740 1357 lupus
764 1308 803 1344 in
827 1308 969 1355 fabula3
1007 1308 1109 1345 venit
1134 1308 1229 1344 enim
1253 1307 1299 1343 ad
1323 1318 1392 1353 me,
1419 1310 1457 1342 et

170 1365 311 1411 quidem
335 1365 371 1400 id
396 1368 578 1412 temporis,
616 1371 658 1403 ut
681 1367 885 1403 retinendus
911 1368 1038 1404 esset.“
1078 1367 1219 1402 vicinus
1254 1366 1350 1402 enim
1377 1369 1456 1401 erat

169 1423 285 1460 Varro
311 1422 474 1460 Ciceroni
510 1424 549 1460 in
578 1424 780 1462 Tusculano
817 1425 1009 1463 habitanti.
1047 1425 1172 1461 deinde
1209 1437 1290 1461 cum
1328 1422 1453 1459 Cicero

168 1483 305 1518 Romae
329 1482 482 1518 Brutum
506 1487 721 1520 testamento
739 1484 960 1531 obsignando
985 1484 1109 1519 adesse
1129 1483 1305 1519 voluisset
1324 1482 1450 1517 Idibus

169 1538 291 1581 Quint.
318 1542 383 1576 aut
406 1540 479 1575 iam
504 1539 576 1576 alio
600 1540 658 1576 die
682 1541 829 1589 ipseque
854 1541 970 1577 Nonis
995 1541 1120 1582 Quint.
1146 1541 1186 1576 in
1210 1540 1455 1577 Tusculanum

169 1686 347 1714 Tusculano
368 1694 436 1714 esse
457 1689 511 1715 aut
531 1686 648 1715 Romae
670 1697 695 1714 a.
718 1688 744 1714 d.
775 1688 857 1715 VIII.
880 1688 1026 1715 Kalendas
1046 1688 1189 1721 Quintiles
1210 1687 1264 1723 (ad
1285 1687 1348 1715 Διῒ..
1372 1685 1453 1714 ΧΙΙΙ.

169 1734 216 1770 12,
235 1734 279 1771 4).
298 1735 332 1762 in
353 1733 567 1763 Tusculanum
591 1736 758 1764 revertisse
784 1734 890 1764 Cicero
916 1735 1041 1764 videtur
1066 1735 1167 1764 Nonis
1189 1735 1294 1771 Quint.
1315 1734 1368 1772 (ad
1389 1734 1454 1763 Att.

168 1782 250 1813 xm.
271 1782 318 1818 14,
340 1784 366 1818 1,
389 1782 434 1819 16,
453 1783 496 1819 2).
520 1786 587 1811 tum
616 1783 742 1811 demum
767 1783 900 1812 Romam
925 1784 1083 1822 profectus
1104 1787 1162 1820 est,
1187 1793 1258 1812 cum
1278 1783 1361 1812 horti
1382 1791 1454 1820 pro-

169 1832 278 1870 scripti
297 1833 402 1860 essent
420 1833 454 1861 in
475 1841 503 1861 a.
525 1831 554 1860 d.
574 1831 628 1862 111.
647 1831 695 1861 Id.
716 1831 822 1868 Quint.
854 1831 906 1868 (ad
928 1831 994 1861 Att.
1018 1832 1100 1862 XIII.
1122 1832 1169 1868 14,
1195 1832 1236 1868 1).
1263 1831 1317 1860 sed
1344 1830 1453 1860 tabula

169 1880 268 1909 dilata
287 1888 355 1908 esse
375 1879 501 1907 videtur
524 1880 557 1907 in
577 1879 651 1908 Idus
673 1879 780 1915 Quint.
799 1879 853 1915 (ad
872 1879 939 1909 Att.
962 1879 1045 1908 XIII.
1066 1880 1114 1915 33,
1133 1880 1153 1909 4
1172 1880 1248 1916 ex.),
1269 1887 1361 1915 quem
1383 1882 1454 1915 post

169 1928 252 1957 diem
272 1928 406 1957 Brutum
430 1926 550 1956 Romae
570 1927 679 1956 adesse
705 1927 806 1956 voluit
833 1928 887 1964 (ad
906 1927 972 1959 Att.
992 1928 1075 1959 XIII.
1095 1923 1194 1964 25,¹2)
1215 1930 1245 1956 et
1264 1928 1331 1965 ipse
1352 1926 1453 1964 pridie

167 1977 242 2006 Idus
264 1977 369 2014 Quint.
396 1977 527 2006 Romam
546 1976 605 2006 ivit
626 1977 660 2012 (l.
681 1976 728 2014 1.).
748 1977 793 2006 ibi
813 1986 878 2007 non
899 1977 954 2007 diu
968 1981 1177 2007 commoratus
1197 1978 1261 2006 iam
1281 1985 1310 2008 a.
1324 1976 1355 2007 d.
1368 1975 1454 2004 VIII.

168 2026 238 2055 Kal.
253 2025 337 2055 Sext.
360 2026 466 2063 (Boot:
487 2025 570 2054 VIII.
583 2025 654 2055 Kal.
668 2025 785 2062 Quint„
805 2026 983 2056 Drnmann:
1003 2026 1087 2055 VIII.
1101 2026 1172 2055 Kal.
1186 2025 1283 2064 Sept.)
1304 2025 1453 2054 Asturam

168 2076 310 2112 pervenit
330 2075 383 2112 (ad
403 2074 468 2104 Att.
481 2074 562 2104 XIIL
577 2075 627 2111 34)
649 2078 681 2104 et
693 2074 763 2105 Kal.
783 2074 955 2104 Sextilibus
976 2084 1009 2105 se
1029 2077 1062 2104 in
1077 2075 1287 2104 Tusculanum
1310 2074 1451 2102 conferre

168 2126 271 2152 mente
292 2124 423 2162 agitavit
444 2123 501 2161 (ad
520 2123 584 2154 Att.
605 2122 689 2155 XIII.
710 2123 799 2161 4711).
820 2124 893 2153 vide
914 2124 1150 2153 adnotationem
1169 2134 1199 2162 p.
1222 2123 1267 2152 16.

287 2171 308 2205 ¹)
329 2171 446 2201 Contra
465 2172 613 2201 Bootium
636 2173 829 2201 monendum
854 2176 902 2202 est
927 2182 967 2202 ex
993 2174 1112 2202 verbis:
1149 2173 1276 2210 „scripsi
1303 2172 1385 2199 enim
1413 2171 1453 2199 ad

167 2227 240 2249 eum
259 2221 324 2248 lueri
346 2220 455 2250 Idibus
476 2222 543 2250 eius
565 2230 660 2259 opera
680 2222 760 2250 mihi
780 2222 863 2250 nihil
883 2231 962 2260 opus
984 2223 1068 2251 esse“
1092 2229 1251 2259 apparere,
1284 2220 1452 2258 epistulam

168 2267 252 2301 xm.
271 2268 310 2298 33
332 2269 383 2297 die
402 2270 581 2298 intermisso
603 2270 753 2306 subsequi
775 2271 941 2308 epistulam
955 2270 1038 2298 xm.
1052 2270 1099 2305 25,
1119 2279 1192 2305 non,
1213 2269 1297 2305 quod
1318 2269 1401 2298 Boot
1420 2270 1454 2297 in

168 2316 277 2345 tabula
289 2317 391 2346 textui
411 2317 583 2355 praemissa
604 2319 808 2347 constitutum
827 2318 905 2354 vult,
928 2318 1094 2357 epistulam
1114 2317 1186 2346 XIII
1207 2317 1246 2346 33
1267 2317 1453 2346 antecedere

169 2365 335 2402 epistulam
356 2365 439 2395 XIII.
457 2366 490 2402 63
512 2366 597 2403 quod
618 2366 703 2395 idem
722 2367 808 2396 valet
827 2368 861 2395 in
881 2367 1019 2396 indicem
1040 2366 1151 2395 Orellii
1172 2366 1226 2396 111.
1245 2366 1274 2395 2.
1294 2376 1325 2404 p.
1347 2365 1415 2395 433.
