<?xml version="1.0" encoding="UTF-8"?>
<!DOCTYPE html PUBLIC "-//W3C//DTD XHTML 1.0 Transitional//EN"
    "http://www.w3.org/TR/xhtml1/DTD/xhtml1-transitional.dtd">
<html xmlns="http://www.w3.org/1999/xhtml" xml:lang="en" lang="en">
 <head>
  <title>
</title>
<meta http-equiv="Content-Type" content="text/html;charset=utf-8" />
  <meta name='ocr-system' content='tesseract 3.04.00' />
  <meta name='ocr-capabilities' content='ocr_page ocr_carea ocr_par ocr_line ocrx_word'/>
</head>
<body>
  <div class='ocr_page' id='page_1' title='image "4737803_0015.png"; bbox 0 0 1627 2679; ppageno 0'>
   <div class='ocr_carea' id='block_1_1' title="bbox 0 0 137 134">
    <p class='ocr_par' dir='ltr' id='par_1_1' title="bbox 0 0 137 134">
     <span class='ocr_line' id='line_1_1' title="bbox 0 0 137 134; baseline 0 2545"><span class='ocrx_word' id='word_1_1' title='bbox 0 0 137 134; x_wconf 95' lang='lat' dir='ltr'> </span> 
     </span>
    </p>
   </div>
   <div class='ocr_carea' id='block_1_2' title="bbox 727 154 903 191">
    <p class='ocr_par' dir='ltr' id='par_1_2' title="bbox 727 154 903 191">
     <span class='ocr_line' id='line_1_2' title="bbox 727 154 903 191; baseline -0.006 -7"><span class='ocrx_word' id='word_1_2' title='bbox 727 154 903 191; x_wconf 70' lang='lat'><strong>-5‘-</strong></span> 
     </span>
    </p>
   </div>
   <div class='ocr_carea' id='block_1_3' title="bbox 154 257 1458 2406">
    <p class='ocr_par' dir='ltr' id='par_1_3' title="bbox 774 257 857 295">
     <span class='ocr_line' id='line_1_3' title="bbox 774 257 857 295; baseline 0 -3"><span class='ocrx_word' id='word_1_3' title='bbox 774 257 857 295; x_wconf 79' lang='lat'>709.</span> 
     </span>
    </p>

    <p class='ocr_par' dir='ltr' id='par_1_4' title="bbox 160 310 1458 1533">
     <span class='ocr_line' id='line_1_4' title="bbox 288 310 1458 356; baseline -0.008 0"><span class='ocrx_word' id='word_1_4' title='bbox 288 319 369 355; x_wconf 86' lang='lat' dir='ltr'>Iam</span> <span class='ocrx_word' id='word_1_5' title='bbox 405 318 568 356; x_wconf 84' lang='lat' dir='ltr'>venimus</span> <span class='ocrx_word' id='word_1_6' title='bbox 605 316 651 352; x_wconf 88' lang='lat' dir='ltr'>ad</span> <span class='ocrx_word' id='word_1_7' title='bbox 675 328 808 352; x_wconf 85' lang='lat' dir='ltr'>annum</span> <span class='ocrx_word' id='word_1_8' title='bbox 833 316 914 354; x_wconf 78' lang='lat'>709.</span> <span class='ocrx_word' id='word_1_9' title='bbox 951 327 1071 353; x_wconf 90' lang='lat' dir='ltr'>mense</span> <span class='ocrx_word' id='word_1_10' title='bbox 1108 313 1304 351; x_wconf 81' lang='lat' dir='ltr'>Februario</span> <span class='ocrx_word' id='word_1_11' title='bbox 1335 310 1458 348; x_wconf 80' lang='lat' dir='ltr'>Tullia</span> 
     </span>
     <span class='ocr_line' id='line_1_5' title="bbox 172 370 1457 423; baseline -0.006 -10"><span class='ocrx_word' id='word_1_12' title='bbox 172 380 315 414; x_wconf 85' lang='lat' dir='ltr'>mortua</span> <span class='ocrx_word' id='word_1_13' title='bbox 337 380 414 423; x_wconf 74' lang='lat' dir='ltr'>est,</span> <span class='ocrx_word' id='word_1_14' title='bbox 436 374 665 423; x_wconf 84' lang='lat' dir='ltr'>quamobrem</span> <span class='ocrx_word' id='word_1_15' title='bbox 689 374 824 410; x_wconf 88' lang='lat' dir='ltr'>Brutus</span> <span class='ocrx_word' id='word_1_16' title='bbox 847 374 989 410; x_wconf 78' lang='lat' dir='ltr'><strong>litteras</strong></span> <span class='ocrx_word' id='word_1_17' title='bbox 1013 372 1269 410; x_wconf 88' lang='lat' dir='ltr'>consolatorias</span> <span class='ocrx_word' id='word_1_18' title='bbox 1294 370 1457 407; x_wconf 83' lang='lat' dir='ltr'>Ciceroni</span> 
     </span>
     <span class='ocr_line' id='line_1_6' title="bbox 169 429 1455 484; baseline -0.005 -12"><span class='ocrx_word' id='word_1_19' title='bbox 169 435 271 481; x_wconf 80' lang='lat' dir='ltr'>misit</span> <span class='ocrx_word' id='word_1_20' title='bbox 289 435 352 484; x_wconf 86' lang='lat' dir='ltr'>(ad</span> <span class='ocrx_word' id='word_1_21' title='bbox 369 434 450 474; x_wconf 81' lang='lat' dir='ltr'>Att.</span> <span class='ocrx_word' id='word_1_22' title='bbox 467 433 556 472; x_wconf 94' lang='lat' dir='ltr'>XII.</span> <span class='ocrx_word' id='word_1_23' title='bbox 575 433 632 471; x_wconf 90' lang='lat'>13.</span> <span class='ocrx_word' id='word_1_24' title='bbox 662 433 718 480; x_wconf 88' lang='lat'>14,</span> <span class='ocrx_word' id='word_1_25' title='bbox 736 432 786 481; x_wconf 88' lang='lat'>3).</span> <span class='ocrx_word' id='word_1_26' title='bbox 804 437 844 470; x_wconf 91' lang='lat' dir='ltr'>at</span> <span class='ocrx_word' id='word_1_27' title='bbox 858 433 891 469; x_wconf 90' lang='lat' dir='ltr'>is</span> <span class='ocrx_word' id='word_1_28' title='bbox 908 432 1099 479; x_wconf 87' lang='lat' dir='ltr'>dubitaivt,</span> <span class='ocrx_word' id='word_1_29' title='bbox 1124 444 1210 467; x_wconf 90' lang='lat' dir='ltr'>num</span> <span class='ocrx_word' id='word_1_30' title='bbox 1226 429 1455 478; x_wconf 76' lang='lat' dir='ltr'><strong>responderet</strong></span> 
     </span>
     <span class='ocr_line' id='line_1_7' title="bbox 168 490 1454 543; baseline -0.005 -13"><span class='ocrx_word' id='word_1_31' title='bbox 168 493 232 543; x_wconf 85' lang='lat' dir='ltr'>(ad</span> <span class='ocrx_word' id='word_1_32' title='bbox 261 493 341 530; x_wconf 87' lang='lat' dir='ltr'>Att.</span> <span class='ocrx_word' id='word_1_33' title='bbox 374 493 464 529; x_wconf 91' lang='lat' dir='ltr'>XII.</span> <span class='ocrx_word' id='word_1_34' title='bbox 494 492 581 539; x_wconf 86' lang='lat'>15);</span> <span class='ocrx_word' id='word_1_35' title='bbox 615 491 732 528; x_wconf 85' lang='lat' dir='ltr'>Attici</span> <span class='ocrx_word' id='word_1_36' title='bbox 764 492 915 538; x_wconf 85' lang='lat' dir='ltr'>denique</span> <span class='ocrx_word' id='word_1_37' title='bbox 943 492 1074 527; x_wconf 87' lang='lat' dir='ltr'>iudicio</span> <span class='ocrx_word' id='word_1_38' title='bbox 1113 490 1291 537; x_wconf 78' lang='lat' dir='ltr'>permisit,</span> <span class='ocrx_word' id='word_1_39' title='bbox 1334 493 1454 524; x_wconf 76' lang='lat' dir='ltr'>utrum</span> 
     </span>
     <span class='ocr_line' id='line_1_8' title="bbox 169 547 1451 600; baseline -0.005 -12"><span class='ocrx_word' id='word_1_40' title='bbox 169 563 377 600; x_wconf 86' lang='lat' dir='ltr'>responsum</span> <span class='ocrx_word' id='word_1_41' title='bbox 395 550 610 588; x_wconf 88' lang='lat' dir='ltr'>reddendum</span> <span class='ocrx_word' id='word_1_42' title='bbox 628 553 724 586; x_wconf 87' lang='lat' dir='ltr'>esset</span> <span class='ocrx_word' id='word_1_43' title='bbox 740 561 787 585; x_wconf 84' lang='lat' dir='ltr'>an</span> <span class='ocrx_word' id='word_1_44' title='bbox 802 562 873 586; x_wconf 89' lang='lat' dir='ltr'>non</span> <span class='ocrx_word' id='word_1_45' title='bbox 891 549 997 597; x_wconf 89' lang='lat' dir='ltr'>(XII.</span> <span class='ocrx_word' id='word_1_46' title='bbox 1017 550 1077 596; x_wconf 88' lang='grc'>18,</span> <span class='ocrx_word' id='word_1_47' title='bbox 1091 550 1144 597; x_wconf 84' lang='lat'>2).</span> <span class='ocrx_word' id='word_1_48' title='bbox 1171 553 1208 585; x_wconf 90' lang='lat' dir='ltr'>et</span> <span class='ocrx_word' id='word_1_49' title='bbox 1223 548 1290 584; x_wconf 93' lang='lat' dir='ltr'>hoc</span> <span class='ocrx_word' id='word_1_50' title='bbox 1308 547 1451 595; x_wconf 89' lang='lat' dir='ltr'>quidem</span> 
     </span>
     <span class='ocr_line' id='line_1_9' title="bbox 168 609 1453 647; baseline -0.004 0"><span class='ocrx_word' id='word_1_51' title='bbox 168 611 301 647; x_wconf 81' lang='lat' dir='ltr'>factum</span> <span class='ocrx_word' id='word_1_52' title='bbox 326 610 482 647; x_wconf 92' lang='lat' dir='ltr'>nondum</span> <span class='ocrx_word' id='word_1_53' title='bbox 506 609 701 645; x_wconf 87' lang='lat' dir='ltr'>maximam</span> <span class='ocrx_word' id='word_1_54' title='bbox 732 609 1013 645; x_wconf 77' lang='lat' dir='ltr'>familiaritatem</span> <span class='ocrx_word' id='word_1_55' title='bbox 1044 609 1154 644; x_wconf 83' lang='lat' dir='ltr'>fuisse</span> <span class='ocrx_word' id='word_1_56' title='bbox 1178 611 1343 644; x_wconf 88' lang='lat' dir='ltr'>testatur.</span> <span class='ocrx_word' id='word_1_57' title='bbox 1370 618 1453 642; x_wconf 86' lang='lat' dir='ltr'>mox</span> 
     </span>
     <span class='ocr_line' id='line_1_10' title="bbox 167 664 1451 703; baseline -0.004 0"><span class='ocrx_word' id='word_1_58' title='bbox 167 668 261 703; x_wconf 83' lang='lat' dir='ltr'>irato</span> <span class='ocrx_word' id='word_1_59' title='bbox 293 669 332 703; x_wconf 86' lang='lat' dir='ltr'>in</span> <span class='ocrx_word' id='word_1_60' title='bbox 356 668 507 703; x_wconf 90' lang='lat' dir='ltr'>Brutum</span> <span class='ocrx_word' id='word_1_61' title='bbox 538 668 657 701; x_wconf 89' lang='lat' dir='ltr'>animo</span> <span class='ocrx_word' id='word_1_62' title='bbox 684 666 806 702; x_wconf 89' lang='lat' dir='ltr'>Cicero</span> <span class='ocrx_word' id='word_1_63' title='bbox 842 667 887 701; x_wconf 93' lang='lat' dir='ltr'>ob</span> <span class='ocrx_word' id='word_1_64' title='bbox 925 667 1001 701; x_wconf 89' lang='lat' dir='ltr'>eius</span> <span class='ocrx_word' id='word_1_65' title='bbox 1037 666 1277 701; x_wconf 82' lang='lat' dir='ltr'>laudationem</span> <span class='ocrx_word' id='word_1_66' title='bbox 1303 664 1451 699; x_wconf 86' lang='lat' dir='ltr'>Catonis</span> 
     </span>
     <span class='ocr_line' id='line_1_11' title="bbox 167 721 1451 773; baseline -0.002 -12"><span class='ocrx_word' id='word_1_67' title='bbox 167 725 259 772; x_wconf 73' lang='lat' dir='ltr'>fuit3</span> <span class='ocrx_word' id='word_1_68' title='bbox 285 729 433 773; x_wconf 88' lang='lat' dir='ltr'>questus</span> <span class='ocrx_word' id='word_1_69' title='bbox 450 728 506 762; x_wconf 90' lang='lat' dir='ltr'>est</span> <span class='ocrx_word' id='word_1_70' title='bbox 523 723 659 761; x_wconf 88' lang='lat' dir='ltr'>scilicet</span> <span class='ocrx_word' id='word_1_71' title='bbox 675 724 839 770; x_wconf 86' lang='lat' dir='ltr'>Brutum,</span> <span class='ocrx_word' id='word_1_72' title='bbox 865 726 906 761; x_wconf 89' lang='lat' dir='ltr'>ut</span> <span class='ocrx_word' id='word_1_73' title='bbox 923 723 1095 761; x_wconf 88' lang='lat' dir='ltr'>Catonem</span> <span class='ocrx_word' id='word_1_74' title='bbox 1118 723 1282 760; x_wconf 82' lang='lat' dir='ltr'>laudibus</span> <span class='ocrx_word' id='word_1_75' title='bbox 1300 721 1451 766; x_wconf 86' lang='lat' dir='ltr'>efferret,</span> 
     </span>
     <span class='ocr_line' id='line_1_12' title="bbox 168 782 1451 830; baseline -0.004 -10"><span class='ocrx_word' id='word_1_76' title='bbox 168 784 387 820; x_wconf 73' lang='lat' dir='ltr'>obtrectasse</span> <span class='ocrx_word' id='word_1_77' title='bbox 419 784 492 830; x_wconf 90' lang='lat' dir='ltr'>ipsi</span> <span class='ocrx_word' id='word_1_78' title='bbox 521 784 564 819; x_wconf 86' lang='lat' dir='ltr'>de</span> <span class='ocrx_word' id='word_1_79' title='bbox 595 795 635 819; x_wconf 89' lang='lat' dir='ltr'>re</span> <span class='ocrx_word' id='word_1_80' title='bbox 664 783 808 830; x_wconf 87' lang='lat' dir='ltr'>publica</span> <span class='ocrx_word' id='word_1_81' title='bbox 837 784 927 819; x_wconf 89' lang='lat' dir='ltr'>bene</span> <span class='ocrx_word' id='word_1_82' title='bbox 960 785 1098 828; x_wconf 89' lang='lat' dir='ltr'>merito,</span> <span class='ocrx_word' id='word_1_83' title='bbox 1135 783 1193 817; x_wconf 91' lang='lat' dir='ltr'>his</span> <span class='ocrx_word' id='word_1_84' title='bbox 1217 782 1336 817; x_wconf 84' lang='lat' dir='ltr'>verbis</span> <span class='ocrx_word' id='word_1_85' title='bbox 1360 782 1451 816; x_wconf 89' lang='lat' dir='ltr'>iram</span> 
     </span>
     <span class='ocr_line' id='line_1_13' title="bbox 167 838 1451 890; baseline -0.002 -13"><span class='ocrx_word' id='word_1_86' title='bbox 167 840 349 878; x_wconf 86' lang='lat' dir='ltr'>effundens</span> <span class='ocrx_word' id='word_1_87' title='bbox 375 841 437 890; x_wconf 89' lang='lat' dir='ltr'>(ad</span> <span class='ocrx_word' id='word_1_88' title='bbox 461 840 541 879; x_wconf 80' lang='lat' dir='ltr'>Att.</span> <span class='ocrx_word' id='word_1_89' title='bbox 567 841 657 878; x_wconf 86' lang='lat' dir='ltr'>XII.</span> <span class='ocrx_word' id='word_1_90' title='bbox 676 841 735 888; x_wconf 85' lang='lat'>21,</span> <span class='ocrx_word' id='word_1_91' title='bbox 764 842 820 889; x_wconf 84' lang='lat'>1):</span> <span class='ocrx_word' id='word_1_92' title='bbox 849 841 929 888; x_wconf 59' lang='lat' dir='ltr'>,hic</span> <span class='ocrx_word' id='word_1_93' title='bbox 953 844 1073 877; x_wconf 89' lang='lat' dir='ltr'>autem</span> <span class='ocrx_word' id='word_1_94' title='bbox 1099 852 1137 876; x_wconf 91' lang='lat' dir='ltr'>se</span> <span class='ocrx_word' id='word_1_95' title='bbox 1162 840 1271 876; x_wconf 87' lang='lat' dir='ltr'>etiam</span> <span class='ocrx_word' id='word_1_96' title='bbox 1295 838 1451 884; x_wconf 86' lang='lat' dir='ltr'>tribuere</span> 
     </span>
     <span class='ocr_line' id='line_1_14' title="bbox 166 898 1450 948; baseline -0.002 -12"><span class='ocrx_word' id='word_1_97' title='bbox 166 900 320 937; x_wconf 85' lang='lat' dir='ltr'>multum</span> <span class='ocrx_word' id='word_1_98' title='bbox 344 901 433 936; x_wconf 91' lang='lat' dir='ltr'>mihi</span> <span class='ocrx_word' id='word_1_99' title='bbox 457 904 574 948; x_wconf 90' lang='lat' dir='ltr'>putat,</span> <span class='ocrx_word' id='word_1_100' title='bbox 600 901 693 948; x_wconf 90' lang='lat' dir='ltr'>quod</span> <span class='ocrx_word' id='word_1_101' title='bbox 718 901 901 948; x_wconf 85' lang='lat' dir='ltr'>scripserit</span> <span class='ocrx_word' id='word_1_102' title='bbox 923 901 1119 948; x_wconf 90' lang='lat' dir='ltr'>„optimum</span> <span class='ocrx_word' id='word_1_103' title='bbox 1138 899 1339 936; x_wconf 87' lang='lat' dir='ltr'>consulem“</span> <span class='ocrx_word' id='word_1_104' title='bbox 1367 898 1450 943; x_wconf 83' lang='lat' dir='ltr'><em>quis</em></span> 
     </span>
     <span class='ocr_line' id='line_1_15' title="bbox 167 956 1452 994; baseline -0.002 -1"><span class='ocrx_word' id='word_1_105' title='bbox 167 959 265 993; x_wconf 83' lang='lat' dir='ltr'>enim</span> <span class='ocrx_word' id='word_1_106' title='bbox 290 959 455 994; x_wconf 83' lang='lat' dir='ltr'>ieiunius</span> <span class='ocrx_word' id='word_1_107' title='bbox 481 959 584 994; x_wconf 83' lang='lat' dir='ltr'>dixit</span> <span class='ocrx_word' id='word_1_108' title='bbox 614 959 789 994; x_wconf 81' lang='lat' dir='ltr'>inimicus</span> <span class='ocrx_word' id='word_1_109' title='bbox 800 960 837 993; x_wconf 78' lang='lat'>?“</span> <span class='ocrx_word' id='word_1_110' title='bbox 879 959 1083 994; x_wconf 89' lang='lat' dir='ltr'>redeuntem</span> <span class='ocrx_word' id='word_1_111' title='bbox 1120 958 1244 993; x_wconf 89' lang='lat' dir='ltr'>deinde</span> <span class='ocrx_word' id='word_1_112' title='bbox 1279 969 1299 992; x_wconf 94' lang='lat' dir='ltr'>e</span> <span class='ocrx_word' id='word_1_113' title='bbox 1329 956 1452 993; x_wconf 80' lang='lat' dir='ltr'>Gallia</span> 
     </span>
     <span class='ocr_line' id='line_1_16' title="bbox 165 1015 1452 1063; baseline -0.002 -11"><span class='ocrx_word' id='word_1_114' title='bbox 165 1020 318 1053; x_wconf 85' lang='lat' dir='ltr'>exeunte</span> <span class='ocrx_word' id='word_1_115' title='bbox 342 1028 463 1053; x_wconf 88' lang='lat' dir='ltr'>mense</span> <span class='ocrx_word' id='word_1_116' title='bbox 487 1017 620 1054; x_wconf 84' lang='lat' dir='ltr'>Martio</span> <span class='ocrx_word' id='word_1_117' title='bbox 645 1017 796 1054; x_wconf 83' lang='lat' dir='ltr'>Brutum</span> <span class='ocrx_word' id='word_1_118' title='bbox 812 1017 933 1053; x_wconf 87' lang='lat' dir='ltr'>videre</span> <span class='ocrx_word' id='word_1_119' title='bbox 949 1016 1066 1053; x_wconf 87' lang='lat' dir='ltr'>noluit</span> <span class='ocrx_word' id='word_1_120' title='bbox 1082 1016 1218 1052; x_wconf 87' lang='lat' dir='ltr'>duabus</span> <span class='ocrx_word' id='word_1_121' title='bbox 1243 1015 1452 1063; x_wconf 86' lang='lat' dir='ltr'>praesertim</span> 
     </span>
     <span class='ocr_line' id='line_1_17' title="bbox 163 1075 1450 1122; baseline -0.001 -12"><span class='ocrx_word' id='word_1_122' title='bbox 163 1075 208 1110; x_wconf 93' lang='lat' dir='ltr'>de</span> <span class='ocrx_word' id='word_1_123' title='bbox 232 1075 362 1121; x_wconf 85' lang='lat' dir='ltr'>causis,</span> <span class='ocrx_word' id='word_1_124' title='bbox 388 1075 482 1122; x_wconf 86' lang='lat' dir='ltr'>quod</span> <span class='ocrx_word' id='word_1_125' title='bbox 507 1079 545 1111; x_wconf 88' lang='lat' dir='ltr'>et</span> <span class='ocrx_word' id='word_1_126' title='bbox 568 1079 733 1112; x_wconf 88' lang='lat' dir='ltr'>senatum</span> <span class='ocrx_word' id='word_1_127' title='bbox 766 1080 804 1112; x_wconf 88' lang='lat' dir='ltr'>et</span> <span class='ocrx_word' id='word_1_128' title='bbox 827 1076 1022 1112; x_wconf 86' lang='lat' dir='ltr'>Publiliam</span> <span class='ocrx_word' id='word_1_129' title='bbox 1046 1075 1189 1112; x_wconf 80' lang='lat' dir='ltr'>vitabat</span> <span class='ocrx_word' id='word_1_130' title='bbox 1212 1078 1450 1110; x_wconf 82' lang='lat' dir='ltr'>commoratus</span> 
     </span>
     <span class='ocr_line' id='line_1_18' title="bbox 164 1132 1450 1182; baseline 0 -14"><span class='ocrx_word' id='word_1_131' title='bbox 164 1133 202 1168; x_wconf 89' lang='lat' dir='ltr'>in</span> <span class='ocrx_word' id='word_1_132' title='bbox 227 1133 381 1180; x_wconf 80' lang='lat' dir='ltr'>praediis</span> <span class='ocrx_word' id='word_1_133' title='bbox 407 1133 469 1181; x_wconf 87' lang='lat' dir='ltr'>(ad</span> <span class='ocrx_word' id='word_1_134' title='bbox 494 1133 574 1170; x_wconf 89' lang='lat' dir='ltr'>Att.</span> <span class='ocrx_word' id='word_1_135' title='bbox 592 1133 682 1170; x_wconf 92' lang='lat' dir='ltr'>XII.</span> <span class='ocrx_word' id='word_1_136' title='bbox 708 1134 769 1180; x_wconf 80' lang='lat'>29,</span> <span class='ocrx_word' id='word_1_137' title='bbox 798 1134 850 1182; x_wconf 88' lang='lat'>1).</span> <span class='ocrx_word' id='word_1_138' title='bbox 891 1134 984 1181; x_wconf 87' lang='lat' dir='ltr'>quod</span> <span class='ocrx_word' id='word_1_139' title='bbox 1022 1133 1163 1181; x_wconf 90' lang='lat' dir='ltr'>quidem</span> <span class='ocrx_word' id='word_1_140' title='bbox 1201 1145 1280 1169; x_wconf 89' lang='lat' dir='ltr'>cum</span> <span class='ocrx_word' id='word_1_141' title='bbox 1318 1132 1450 1168; x_wconf 87' lang='lat' dir='ltr'>Brutus</span> 
     </span>
     <span class='ocr_line' id='line_1_19' title="bbox 165 1191 1447 1239; baseline -0.001 -12"><span class='ocrx_word' id='word_1_142' title='bbox 165 1203 270 1239; x_wconf 87' lang='lat' dir='ltr'>aegre</span> <span class='ocrx_word' id='word_1_143' title='bbox 294 1191 430 1238; x_wconf 87' lang='lat' dir='ltr'>tulerit,</span> <span class='ocrx_word' id='word_1_144' title='bbox 467 1204 546 1228; x_wconf 88' lang='lat' dir='ltr'>cum</span> <span class='ocrx_word' id='word_1_145' title='bbox 572 1191 741 1229; x_wconf 86' lang='lat' dir='ltr'>Cicerone</span> <span class='ocrx_word' id='word_1_146' title='bbox 773 1193 942 1229; x_wconf 82' lang='lat' dir='ltr'>dissidere</span> <span class='ocrx_word' id='word_1_147' title='bbox 968 1193 1125 1238; x_wconf 60' lang='lat' dir='ltr'>videtum</span> <span class='ocrx_word' id='word_1_148' title='bbox 1157 1204 1241 1227; x_wconf 87' lang='lat' dir='ltr'>nam</span> <span class='ocrx_word' id='word_1_149' title='bbox 1266 1193 1298 1227; x_wconf 83' lang='lat' dir='ltr'>is</span> <span class='ocrx_word' id='word_1_150' title='bbox 1323 1191 1447 1227; x_wconf 89' lang='lat' dir='ltr'>Attico</span> 
     </span>
     <span class='ocr_line' id='line_1_20' title="bbox 162 1249 1450 1301; baseline 0 -16"><span class='ocrx_word' id='word_1_151' title='bbox 162 1253 316 1286; x_wconf 87' lang='lat' dir='ltr'>exeunte</span> <span class='ocrx_word' id='word_1_152' title='bbox 349 1262 469 1286; x_wconf 89' lang='lat' dir='ltr'>mense</span> <span class='ocrx_word' id='word_1_153' title='bbox 494 1250 618 1299; x_wconf 88' lang='lat' dir='ltr'>Aprili</span> <span class='ocrx_word' id='word_1_154' title='bbox 653 1251 800 1287; x_wconf 85' lang='lat' dir='ltr'>mandat</span> <span class='ocrx_word' id='word_1_155' title='bbox 828 1251 932 1301; x_wconf 83' lang='lat' dir='ltr'>(XII.</span> <span class='ocrx_word' id='word_1_156' title='bbox 959 1250 1018 1298; x_wconf 84' lang='lat'>36,</span> <span class='ocrx_word' id='word_1_157' title='bbox 1043 1251 1100 1299; x_wconf 86' lang='lat'>2):</span> <span class='ocrx_word' id='word_1_158' title='bbox 1146 1250 1212 1296; x_wconf 89' lang='lat' dir='ltr'>„ad</span> <span class='ocrx_word' id='word_1_159' title='bbox 1241 1250 1391 1286; x_wconf 86' lang='lat' dir='ltr'>Brutum</span> <span class='ocrx_word' id='word_1_160' title='bbox 1418 1249 1450 1285; x_wconf 91' lang='lat' dir='ltr'>si</span> 
     </span>
     <span class='ocr_line' id='line_1_21' title="bbox 164 1308 1447 1357; baseline 0 -14"><span class='ocrx_word' id='word_1_161' title='bbox 164 1308 251 1354; x_wconf 88' lang='lat' dir='ltr'>quid</span> <span class='ocrx_word' id='word_1_162' title='bbox 276 1309 420 1354; x_wconf 90' lang='lat' dir='ltr'>scribes,</span> <span class='ocrx_word' id='word_1_163' title='bbox 452 1310 524 1345; x_wconf 90' lang='lat' dir='ltr'>nisi</span> <span class='ocrx_word' id='word_1_164' title='bbox 554 1309 710 1345; x_wconf 91' lang='lat' dir='ltr'>alienum</span> <span class='ocrx_word' id='word_1_165' title='bbox 740 1311 897 1357; x_wconf 89' lang='lat' dir='ltr'>putabis,</span> <span class='ocrx_word' id='word_1_166' title='bbox 935 1310 1120 1357; x_wconf 85' lang='lat' dir='ltr'>obiurgato</span> <span class='ocrx_word' id='word_1_167' title='bbox 1155 1321 1247 1355; x_wconf 88' lang='lat' dir='ltr'>eum,</span> <span class='ocrx_word' id='word_1_168' title='bbox 1286 1308 1379 1356; x_wconf 92' lang='lat' dir='ltr'>quod</span> <span class='ocrx_word' id='word_1_169' title='bbox 1409 1308 1447 1343; x_wconf 90' lang='lat' dir='ltr'>in</span> 
     </span>
     <span class='ocr_line' id='line_1_22' title="bbox 163 1365 1446 1416; baseline 0 -15"><span class='ocrx_word' id='word_1_170' title='bbox 163 1365 322 1403; x_wconf 89' lang='lat' dir='ltr'>Cumano</span> <span class='ocrx_word' id='word_1_171' title='bbox 349 1378 427 1402; x_wconf 89' lang='lat' dir='ltr'>esse</span> <span class='ocrx_word' id='word_1_172' title='bbox 464 1367 619 1404; x_wconf 90' lang='lat' dir='ltr'>noluerit</span> <span class='ocrx_word' id='word_1_173' title='bbox 650 1371 795 1416; x_wconf 89' lang='lat' dir='ltr'>propter</span> <span class='ocrx_word' id='word_1_174' title='bbox 818 1380 897 1404; x_wconf 87' lang='lat' dir='ltr'>eam</span> <span class='ocrx_word' id='word_1_175' title='bbox 921 1380 1076 1414; x_wconf 88' lang='lat' dir='ltr'>causam,</span> <span class='ocrx_word' id='word_1_176' title='bbox 1115 1379 1222 1415; x_wconf 89' lang='lat' dir='ltr'>quam</span> <span class='ocrx_word' id='word_1_177' title='bbox 1248 1367 1315 1403; x_wconf 88' lang='lat' dir='ltr'>tibi</span> <span class='ocrx_word' id='word_1_178' title='bbox 1339 1366 1446 1412; x_wconf 82' lang='lat' dir='ltr'>dixit3</span> 
     </span>
     <span class='ocr_line' id='line_1_23' title="bbox 160 1424 1441 1474; baseline 0 -14"><span class='ocrx_word' id='word_1_179' title='bbox 160 1424 337 1472; x_wconf 83' lang='lat' dir='ltr'>cogitanti</span> <span class='ocrx_word' id='word_1_180' title='bbox 361 1426 456 1461; x_wconf 91' lang='lat' dir='ltr'>enim</span> <span class='ocrx_word' id='word_1_181' title='bbox 480 1426 569 1461; x_wconf 90' lang='lat' dir='ltr'>mihi</span> <span class='ocrx_word' id='word_1_182' title='bbox 592 1426 683 1462; x_wconf 88' lang='lat' dir='ltr'>nihil</span> <span class='ocrx_word' id='word_1_183' title='bbox 706 1430 782 1471; x_wconf 79' lang='lat' dir='ltr'>tam</span> <span class='ocrx_word' id='word_1_184' title='bbox 799 1426 941 1463; x_wconf 85' lang='lat' dir='ltr'>videtur</span> <span class='ocrx_word' id='word_1_185' title='bbox 956 1427 1115 1474; x_wconf 82' lang='lat' dir='ltr'>potuisse</span> <span class='ocrx_word' id='word_1_186' title='bbox 1138 1427 1253 1463; x_wconf 84' lang='lat' dir='ltr'>facere</span> <span class='ocrx_word' id='word_1_187' title='bbox 1277 1425 1441 1461; x_wconf 87' lang='lat' dir='ltr'>rustice.“</span> 
     </span>
     <span class='ocr_line' id='line_1_24' title="bbox 161 1482 1444 1533; baseline 0.002 -15"><span class='ocrx_word' id='word_1_188' title='bbox 161 1482 294 1519; x_wconf 91' lang='lat' dir='ltr'>Brutus</span> <span class='ocrx_word' id='word_1_189' title='bbox 314 1495 379 1531; x_wconf 90' lang='lat' dir='ltr'>par</span> <span class='ocrx_word' id='word_1_190' title='bbox 403 1484 481 1532; x_wconf 92' lang='lat' dir='ltr'>pari</span> <span class='ocrx_word' id='word_1_191' title='bbox 497 1484 639 1521; x_wconf 91' lang='lat' dir='ltr'>rettulit</span> <span class='ocrx_word' id='word_1_192' title='bbox 656 1484 858 1521; x_wconf 88' lang='lat' dir='ltr'>Ciceronem</span> <span class='ocrx_word' id='word_1_193' title='bbox 876 1486 1069 1533; x_wconf 82' lang='lat' dir='ltr'>obiurgans</span> <span class='ocrx_word' id='word_1_194' title='bbox 1087 1485 1186 1533; x_wconf 83' lang='lat' dir='ltr'>(vide</span> <span class='ocrx_word' id='word_1_195' title='bbox 1205 1485 1299 1520; x_wconf 84' lang='lat' dir='ltr'>infra</span> <span class='ocrx_word' id='word_1_196' title='bbox 1315 1497 1350 1532; x_wconf 90' lang='lat' dir='ltr'>p.</span> <span class='ocrx_word' id='word_1_197' title='bbox 1372 1484 1444 1532; x_wconf 88' lang='lat'>13).</span> 
     </span>
    </p>

    <p class='ocr_par' dir='ltr' id='par_1_5' title="bbox 154 1542 1446 2406">
     <span class='ocr_line' id='line_1_25' title="bbox 276 1542 1446 1592; baseline 0.001 -14"><span class='ocrx_word' id='word_1_198' title='bbox 276 1542 356 1579; x_wconf 93' lang='lat' dir='ltr'>Huc</span> <span class='ocrx_word' id='word_1_199' title='bbox 393 1555 505 1590; x_wconf 88' lang='lat' dir='ltr'>usque</span> <span class='ocrx_word' id='word_1_200' title='bbox 536 1543 673 1579; x_wconf 90' lang='lat' dir='ltr'>nullum</span> <span class='ocrx_word' id='word_1_201' title='bbox 708 1544 878 1580; x_wconf 87' lang='lat' dir='ltr'>indicium</span> <span class='ocrx_word' id='word_1_202' title='bbox 914 1545 1122 1592; x_wconf 85' lang='lat' dir='ltr'>reperimus,</span> <span class='ocrx_word' id='word_1_203' title='bbox 1160 1544 1253 1591; x_wconf 88' lang='lat' dir='ltr'>quod</span> <span class='ocrx_word' id='word_1_204' title='bbox 1289 1548 1446 1581; x_wconf 84' lang='lat' dir='ltr'>testatur</span> 
     </span>
     <span class='ocr_line' id='line_1_26' title="bbox 160 1600 1443 1649; baseline 0.001 -12"><span class='ocrx_word' id='word_1_205' title='bbox 160 1600 365 1637; x_wconf 89' lang='lat' dir='ltr'>Ciceronem</span> <span class='ocrx_word' id='word_1_206' title='bbox 388 1602 517 1637; x_wconf 88' lang='lat' dir='ltr'>intima</span> <span class='ocrx_word' id='word_1_207' title='bbox 541 1601 787 1639; x_wconf 82' lang='lat' dir='ltr'>familiaritate</span> <span class='ocrx_word' id='word_1_208' title='bbox 824 1603 1051 1639; x_wconf 83' lang='lat' dir='ltr'>coniunctum</span> <span class='ocrx_word' id='word_1_209' title='bbox 1076 1603 1188 1639; x_wconf 88' lang='lat' dir='ltr'>fuisse</span> <span class='ocrx_word' id='word_1_210' title='bbox 1216 1615 1295 1639; x_wconf 87' lang='lat' dir='ltr'>cum</span> <span class='ocrx_word' id='word_1_211' title='bbox 1319 1603 1443 1649; x_wconf 88' lang='lat' dir='ltr'>Bruto,</span> 
     </span>
     <span class='ocr_line' id='line_1_27' title="bbox 158 1658 1444 1709; baseline 0.002 -15"><span class='ocrx_word' id='word_1_212' title='bbox 158 1658 267 1695; x_wconf 87' lang='lat' dir='ltr'>immo</span> <span class='ocrx_word' id='word_1_213' title='bbox 292 1659 364 1695; x_wconf 84' lang='lat' dir='ltr'>nisi</span> <span class='ocrx_word' id='word_1_214' title='bbox 387 1659 534 1696; x_wconf 88' lang='lat' dir='ltr'>Atticus</span> <span class='ocrx_word' id='word_1_215' title='bbox 559 1661 739 1697; x_wconf 87' lang='lat' dir='ltr'>amicitiae</span> <span class='ocrx_word' id='word_1_216' title='bbox 756 1662 1000 1709; x_wconf 87' lang='lat' dir='ltr'>patrocinatus</span> <span class='ocrx_word' id='word_1_217' title='bbox 1018 1665 1123 1708; x_wconf 89' lang='lat' dir='ltr'>esset,</span> <span class='ocrx_word' id='word_1_218' title='bbox 1148 1662 1306 1698; x_wconf 85' lang='lat' dir='ltr'>futurum</span> <span class='ocrx_word' id='word_1_219' title='bbox 1333 1661 1444 1697; x_wconf 87' lang='lat' dir='ltr'>fuisse</span> 
     </span>
     <span class='ocr_line' id='line_1_28' title="bbox 157 1716 1442 1763; baseline 0.003 -12"><span class='ocrx_word' id='word_1_220' title='bbox 157 1716 357 1763; x_wconf 85' lang='lat' dir='ltr'>videbatur,</span> <span class='ocrx_word' id='word_1_221' title='bbox 383 1721 424 1753; x_wconf 92' lang='lat' dir='ltr'>ut</span> <span class='ocrx_word' id='word_1_222' title='bbox 448 1730 491 1753; x_wconf 88' lang='lat' dir='ltr'>ea</span> <span class='ocrx_word' id='word_1_223' title='bbox 516 1718 744 1755; x_wconf 81' lang='lat' dir='ltr'>dissueretur.</span> <span class='ocrx_word' id='word_1_224' title='bbox 775 1732 869 1755; x_wconf 91' lang='lat' dir='ltr'>nunc</span> <span class='ocrx_word' id='word_1_225' title='bbox 898 1732 984 1755; x_wconf 89' lang='lat' dir='ltr'>vero</span> <span class='ocrx_word' id='word_1_226' title='bbox 1010 1720 1102 1756; x_wconf 89' lang='lat' dir='ltr'>alter</span> <span class='ocrx_word' id='word_1_227' title='bbox 1132 1720 1284 1755; x_wconf 86' lang='lat' dir='ltr'>alterum</span> <span class='ocrx_word' id='word_1_228' title='bbox 1314 1720 1442 1755; x_wconf 92' lang='lat' dir='ltr'>melius</span> 
     </span>
     <span class='ocr_line' id='line_1_29' title="bbox 159 1773 1443 1825; baseline 0.003 -16"><span class='ocrx_word' id='word_1_229' title='bbox 159 1773 205 1809; x_wconf 89' lang='lat' dir='ltr'>ab</span> <span class='ocrx_word' id='word_1_230' title='bbox 237 1774 383 1812; x_wconf 87' lang='lat' dir='ltr'>ineunte</span> <span class='ocrx_word' id='word_1_231' title='bbox 415 1786 535 1812; x_wconf 88' lang='lat' dir='ltr'>mense</span> <span class='ocrx_word' id='word_1_232' title='bbox 565 1776 670 1812; x_wconf 91' lang='lat' dir='ltr'>Iunio</span> <span class='ocrx_word' id='word_1_233' title='bbox 703 1777 888 1825; x_wconf 81' lang='lat' dir='ltr'>cognovit,</span> <span class='ocrx_word' id='word_1_234' title='bbox 913 1789 994 1814; x_wconf 87' lang='lat' dir='ltr'>cum</span> <span class='ocrx_word' id='word_1_235' title='bbox 1022 1777 1179 1815; x_wconf 87' lang='lat' dir='ltr'>crebrius</span> <span class='ocrx_word' id='word_1_236' title='bbox 1208 1778 1302 1814; x_wconf 89' lang='lat' dir='ltr'>inter</span> <span class='ocrx_word' id='word_1_237' title='bbox 1332 1789 1370 1814; x_wconf 92' lang='lat' dir='ltr'>se</span> <span class='ocrx_word' id='word_1_238' title='bbox 1404 1778 1443 1813; x_wconf 91' lang='lat' dir='ltr'>in</span> 
     </span>
     <span class='ocr_line' id='line_1_30' title="bbox 158 1832 1439 1884; baseline 0.005 -17"><span class='ocrx_word' id='word_1_239' title='bbox 158 1832 314 1879; x_wconf 90' lang='lat' dir='ltr'>praediis</span> <span class='ocrx_word' id='word_1_240' title='bbox 339 1833 502 1870; x_wconf 85' lang='lat' dir='ltr'>viderent</span> <span class='ocrx_word' id='word_1_241' title='bbox 526 1834 736 1882; x_wconf 87' lang='lat' dir='ltr'>adessetque</span> <span class='ocrx_word' id='word_1_242' title='bbox 767 1834 947 1872; x_wconf 85' lang='lat' dir='ltr'>Ciceronis</span> <span class='ocrx_word' id='word_1_243' title='bbox 972 1841 1100 1884; x_wconf 87' lang='lat' dir='ltr'>rogatu</span> <span class='ocrx_word' id='word_1_244' title='bbox 1137 1836 1198 1884; x_wconf 89' lang='lat' dir='ltr'>(ad</span> <span class='ocrx_word' id='word_1_245' title='bbox 1223 1837 1303 1872; x_wconf 89' lang='lat' dir='ltr'>Att.</span> <span class='ocrx_word' id='word_1_246' title='bbox 1329 1837 1439 1873; x_wconf 91' lang='lat' dir='ltr'>XIII.</span> 
     </span>
     <span class='ocr_line' id='line_1_31' title="bbox 158 1889 1442 1940; baseline 0.004 -15"><span class='ocrx_word' id='word_1_247' title='bbox 158 1891 193 1935; x_wconf 82' lang='lat'>4,</span> <span class='ocrx_word' id='word_1_248' title='bbox 219 1889 254 1926; x_wconf 83' lang='lat'>2.</span> <span class='ocrx_word' id='word_1_249' title='bbox 290 1891 325 1937; x_wconf 86' lang='lat'>5,</span> <span class='ocrx_word' id='word_1_250' title='bbox 358 1891 399 1939; x_wconf 83' lang='lat'>2)</span> <span class='ocrx_word' id='word_1_251' title='bbox 439 1903 545 1939; x_wconf 86' lang='lat' dir='ltr'>saepe</span> <span class='ocrx_word' id='word_1_252' title='bbox 582 1891 745 1939; x_wconf 79' lang='lat' dir='ltr'>Atticus,</span> <span class='ocrx_word' id='word_1_253' title='bbox 784 1893 846 1940; x_wconf 87' lang='lat' dir='ltr'>qui</span> <span class='ocrx_word' id='word_1_254' title='bbox 882 1894 1054 1930; x_wconf 86' lang='lat' dir='ltr'>orientem</span> <span class='ocrx_word' id='word_1_255' title='bbox 1091 1895 1212 1930; x_wconf 86' lang='lat' dir='ltr'>verani</span> <span class='ocrx_word' id='word_1_256' title='bbox 1249 1894 1442 1930; x_wconf 87' lang='lat' dir='ltr'>amicitiam</span> 
     </span>
     <span class='ocr_line' id='line_1_32' title="bbox 156 1948 1442 2001; baseline 0.005 -17"><span class='ocrx_word' id='word_1_257' title='bbox 156 1948 355 1996; x_wconf 86' lang='lat' dir='ltr'>adiuvaret,</span> <span class='ocrx_word' id='word_1_258' title='bbox 381 1962 596 1998; x_wconf 86' lang='lat' dir='ltr'>quamquam</span> <span class='ocrx_word' id='word_1_259' title='bbox 621 1951 783 1988; x_wconf 88' lang='lat' dir='ltr'>diversae</span> <span class='ocrx_word' id='word_1_260' title='bbox 808 1952 851 1988; x_wconf 89' lang='lat' dir='ltr'>de</span> <span class='ocrx_word' id='word_1_261' title='bbox 875 1965 914 1989; x_wconf 91' lang='lat' dir='ltr'>re</span> <span class='ocrx_word' id='word_1_262' title='bbox 937 1953 1081 2001; x_wconf 88' lang='lat' dir='ltr'>publica</span> <span class='ocrx_word' id='word_1_263' title='bbox 1102 1955 1300 1991; x_wconf 87' lang='lat' dir='ltr'>sententiae</span> <span class='ocrx_word' id='word_1_264' title='bbox 1325 1954 1442 1990; x_wconf 88' lang='lat' dir='ltr'>obsta-</span> 
     </span>
     <span class='ocr_line' id='line_1_33' title="bbox 156 2006 1441 2058; baseline 0.005 -16"><span class='ocrx_word' id='word_1_265' title='bbox 156 2006 246 2043; x_wconf 89' lang='lat' dir='ltr'>bant</span> <span class='ocrx_word' id='word_1_266' title='bbox 284 2007 347 2055; x_wconf 87' lang='lat' dir='ltr'>(ad</span> <span class='ocrx_word' id='word_1_267' title='bbox 383 2008 464 2045; x_wconf 83' lang='lat' dir='ltr'>Att.</span> <span class='ocrx_word' id='word_1_268' title='bbox 495 2008 606 2045; x_wconf 90' lang='lat' dir='ltr'>XIII.</span> <span class='ocrx_word' id='word_1_269' title='bbox 635 2010 700 2056; x_wconf 88' lang='lat'>10,</span> <span class='ocrx_word' id='word_1_270' title='bbox 726 2009 778 2057; x_wconf 90' lang='lat'>3).</span> <span class='ocrx_word' id='word_1_271' title='bbox 815 2011 969 2058; x_wconf 90' lang='lat' dir='ltr'>primum</span> <span class='ocrx_word' id='word_1_272' title='bbox 993 2012 1127 2048; x_wconf 89' lang='lat' dir='ltr'>Brutus</span> <span class='ocrx_word' id='word_1_273' title='bbox 1164 2013 1366 2050; x_wconf 86' lang='lat' dir='ltr'>Ciceronem</span> <span class='ocrx_word' id='word_1_274' title='bbox 1402 2013 1441 2048; x_wconf 90' lang='lat' dir='ltr'>in</span> 
     </span>
     <span class='ocr_line' id='line_1_34' title="bbox 156 2064 1440 2117; baseline 0.005 -18"><span class='ocrx_word' id='word_1_275' title='bbox 156 2064 358 2101; x_wconf 77' lang='lat' dir='ltr'>Tusculano</span> <span class='ocrx_word' id='word_1_276' title='bbox 384 2067 552 2103; x_wconf 84' lang='lat' dir='ltr'>convenit</span> <span class='ocrx_word' id='word_1_277' title='bbox 577 2067 639 2114; x_wconf 86' lang='lat' dir='ltr'>(ad</span> <span class='ocrx_word' id='word_1_278' title='bbox 655 2068 736 2105; x_wconf 87' lang='lat' dir='ltr'>Att.</span> <span class='ocrx_word' id='word_1_279' title='bbox 750 2068 862 2106; x_wconf 84' lang='lat' dir='ltr'>XIII.</span> <span class='ocrx_word' id='word_1_280' title='bbox 877 2070 911 2114; x_wconf 82' lang='lat'>7,</span> <span class='ocrx_word' id='word_1_281' title='bbox 932 2070 985 2116; x_wconf 84' lang='lat'>2).</span> <span class='ocrx_word' id='word_1_282' title='bbox 1004 2070 1104 2106; x_wconf 89' lang='lat' dir='ltr'>vides</span> <span class='ocrx_word' id='word_1_283' title='bbox 1121 2071 1241 2116; x_wconf 89' lang='lat' dir='ltr'>etiam,</span> <span class='ocrx_word' id='word_1_284' title='bbox 1267 2075 1440 2117; x_wconf 89' lang='lat' dir='ltr'>quantum</span> 
     </span>
     <span class='ocr_line' id='line_1_35' title="bbox 154 2122 1440 2175; baseline 0.006 -17"><span class='ocrx_word' id='word_1_285' title='bbox 154 2122 356 2171; x_wconf 83' lang='lat' dir='ltr'>discrepent</span> <span class='ocrx_word' id='word_1_286' title='bbox 380 2136 402 2160; x_wconf 91' lang='lat' dir='ltr'>a</span> <span class='ocrx_word' id='word_1_287' title='bbox 426 2125 565 2162; x_wconf 84' lang='lat' dir='ltr'>ratione</span> <span class='ocrx_word' id='word_1_288' title='bbox 588 2126 725 2174; x_wconf 88' lang='lat' dir='ltr'>iniqua,</span> <span class='ocrx_word' id='word_1_289' title='bbox 751 2139 822 2175; x_wconf 88' lang='lat' dir='ltr'>qua</span> <span class='ocrx_word' id='word_1_290' title='bbox 837 2128 937 2175; x_wconf 89' lang='lat' dir='ltr'>prius</span> <span class='ocrx_word' id='word_1_291' title='bbox 955 2127 1077 2165; x_wconf 86' lang='lat' dir='ltr'>Cicero</span> <span class='ocrx_word' id='word_1_292' title='bbox 1094 2129 1138 2165; x_wconf 88' lang='lat' dir='ltr'>de</span> <span class='ocrx_word' id='word_1_293' title='bbox 1154 2129 1257 2166; x_wconf 85' lang='lat' dir='ltr'>Bruti</span> <span class='ocrx_word' id='word_1_294' title='bbox 1281 2129 1440 2166; x_wconf 88' lang='lat' dir='ltr'>moribus</span> 
     </span>
     <span class='ocr_line' id='line_1_36' title="bbox 155 2180 1440 2234; baseline 0.007 -18"><span class='ocrx_word' id='word_1_295' title='bbox 155 2180 330 2229; x_wconf 83' lang='lat' dir='ltr'>factisque</span> <span class='ocrx_word' id='word_1_296' title='bbox 353 2183 525 2219; x_wconf 88' lang='lat' dir='ltr'>iudicium</span> <span class='ocrx_word' id='word_1_297' title='bbox 548 2184 647 2230; x_wconf 87' lang='lat' dir='ltr'>facit,</span> <span class='ocrx_word' id='word_1_298' title='bbox 665 2185 775 2221; x_wconf 88' lang='lat' dir='ltr'>verba</span> <span class='ocrx_word' id='word_1_299' title='bbox 790 2186 942 2233; x_wconf 89' lang='lat' dir='ltr'>placida,</span> <span class='ocrx_word' id='word_1_300' title='bbox 968 2188 1097 2234; x_wconf 90' lang='lat' dir='ltr'>quibus</span> <span class='ocrx_word' id='word_1_301' title='bbox 1114 2187 1156 2223; x_wconf 92' lang='lat' dir='ltr'>de</span> <span class='ocrx_word' id='word_1_302' title='bbox 1172 2188 1325 2224; x_wconf 84' lang='lat' dir='ltr'>divortio</span> <span class='ocrx_word' id='word_1_303' title='bbox 1341 2188 1440 2225; x_wconf 89' lang='lat' dir='ltr'>illius</span> 
     </span>
     <span class='ocr_line' id='line_1_37' title="bbox 155 2239 1440 2294; baseline 0.007 -20"><span class='ocrx_word' id='word_1_304' title='bbox 155 2250 235 2275; x_wconf 89' lang='lat' dir='ltr'>cum</span> <span class='ocrx_word' id='word_1_305' title='bbox 260 2239 385 2277; x_wconf 87' lang='lat' dir='ltr'>Attico</span> <span class='ocrx_word' id='word_1_306' title='bbox 411 2243 648 2280; x_wconf 88' lang='lat' dir='ltr'>communicat</span> <span class='ocrx_word' id='word_1_307' title='bbox 672 2243 797 2292; x_wconf 78' lang='lat' dir='ltr'>(XIII,</span> <span class='ocrx_word' id='word_1_308' title='bbox 815 2245 875 2291; x_wconf 79' lang='lat'>40,</span> <span class='ocrx_word' id='word_1_309' title='bbox 900 2247 935 2282; x_wconf 91' lang='lat'>1.</span> <span class='ocrx_word' id='word_1_310' title='bbox 953 2246 1013 2292; x_wconf 90' lang='grc'>10,</span> <span class='ocrx_word' id='word_1_311' title='bbox 1035 2245 1099 2293; x_wconf 87' lang='lat'>3):</span> <span class='ocrx_word' id='word_1_312' title='bbox 1126 2246 1281 2292; x_wconf 91' lang='lat' dir='ltr'>„Brutus</span> <span class='ocrx_word' id='word_1_313' title='bbox 1306 2247 1338 2283; x_wconf 90' lang='lat' dir='ltr'>si</span> <span class='ocrx_word' id='word_1_314' title='bbox 1355 2247 1440 2294; x_wconf 89' lang='lat' dir='ltr'>quid</span> 
     </span>
     <span class='ocr_line' id='line_1_38' title="bbox 159 2295 1441 2352; baseline 0.006 -19"><span class='ocrx_word' id='word_1_315' title='bbox 159 2295 311 2346; x_wconf 82' lang='lat' dir='ltr'>[egerit],</span> <span class='ocrx_word' id='word_1_316' title='bbox 337 2299 478 2336; x_wconf 85' lang='lat' dir='ltr'>curabis</span> <span class='ocrx_word' id='word_1_317' title='bbox 502 2304 545 2337; x_wconf 90' lang='lat' dir='ltr'>ut</span> <span class='ocrx_word' id='word_1_318' title='bbox 569 2301 698 2348; x_wconf 89' lang='lat' dir='ltr'>sciam;</span> <span class='ocrx_word' id='word_1_319' title='bbox 724 2303 782 2338; x_wconf 90' lang='lat' dir='ltr'>cui</span> <span class='ocrx_word' id='word_1_320' title='bbox 805 2303 948 2349; x_wconf 90' lang='lat' dir='ltr'>quidem</span> <span class='ocrx_word' id='word_1_321' title='bbox 965 2315 1072 2350; x_wconf 89' lang='lat' dir='ltr'>quam</span> <span class='ocrx_word' id='word_1_322' title='bbox 1095 2305 1247 2350; x_wconf 89' lang='lat' dir='ltr'>primum</span> <span class='ocrx_word' id='word_1_323' title='bbox 1265 2306 1441 2352; x_wconf 89' lang='lat' dir='ltr'>agendum</span> 
     </span>
     <span class='ocr_line' id='line_1_39' title="bbox 156 2357 1442 2406; baseline 0.008 -15"><span class='ocrx_word' id='word_1_324' title='bbox 156 2357 255 2402; x_wconf 89' lang='lat' dir='ltr'>puto,</span> <span class='ocrx_word' id='word_1_325' title='bbox 289 2359 499 2404; x_wconf 88' lang='lat' dir='ltr'>praesertim</span> <span class='ocrx_word' id='word_1_326' title='bbox 532 2359 564 2395; x_wconf 91' lang='lat' dir='ltr'>si</span> <span class='ocrx_word' id='word_1_327' title='bbox 598 2360 743 2406; x_wconf 83' lang='lat' dir='ltr'>statuit3</span> <span class='ocrx_word' id='word_1_328' title='bbox 782 2362 1043 2399; x_wconf 87' lang='lat' dir='ltr'>sermunculum</span> <span class='ocrx_word' id='word_1_329' title='bbox 1068 2366 1187 2399; x_wconf 87' lang='lat' dir='ltr'>autem</span> <span class='ocrx_word' id='word_1_330' title='bbox 1213 2375 1352 2400; x_wconf 87' lang='lat' dir='ltr'>omnem</span> <span class='ocrx_word' id='word_1_331' title='bbox 1377 2368 1442 2401; x_wconf 89' lang='lat' dir='ltr'>aut</span> 
     </span>
    </p>
   </div>
  </div>
 </body>
</html>
