1627 2679
722 145 915 173 ..11-

200 243 242 289 9)
265 242 371 277 Bruti
395 241 536 277 litteras
561 241 604 276 de
620 241 741 288 Appio
765 241 923 288 perlatas
947 245 1100 277 exeunte
1123 252 1245 277 mense
1257 241 1356 276 Maio
1378 241 1461 284 704,

177 299 241 347 10)
267 296 448 335 Ciceronis
460 297 652 346 epistulam
660 297 705 334 de
713 297 835 335 Gavio
846 298 968 335 datam
976 310 1098 335 mense
1106 299 1212 335 Iunio
1220 299 1368 334 ineunte
1377 298 1459 334 704.

293 359 342 394 At
365 369 438 392 non
461 356 551 391 mihi
575 368 784 403 persuasum
821 361 877 393 est
911 357 977 393 has
1015 369 1093 394 esse
1132 369 1254 394 omnes
1285 368 1461 393 annorum

176 414 248 452 703
273 418 311 451 et
336 414 408 451 704
431 413 618 462 epistulas,
654 425 736 449 cum
759 425 817 450 res
842 415 962 461 ferret,
999 419 1041 451 ut
1064 415 1108 451 de
1131 415 1288 463 negotiis
1313 414 1460 462 agendis

176 474 319 522 saepius
344 473 589 521 scripsissent3
626 473 749 520 itaque
778 485 922 510 necesse
951 478 1018 521 est,
1055 474 1175 522 plures
1198 474 1310 511 fuisse
1333 473 1461 510 horum

176 543 348 567 annorum
372 531 549 579 epistulas
581 543 767 579 ponamus,
791 532 1012 568 conferentes
1037 533 1146 569 etiam
1171 533 1288 569 locum
1312 532 1358 568 ad
1383 534 1459 568 Att.

176 589 242 627 VI.
271 591 303 636 1,
331 590 368 627 7.

293 724 373 760 Iam
398 736 507 772 supra
532 725 583 773 (p.
605 725 645 772 3)
677 724 753 761 dixi
777 724 877 761 nulla
902 725 1056 773 vestigia
1081 725 1339 762 familiaritatis
1363 737 1458 761 anno

177 783 248 820 705
273 783 368 818 inter
391 783 544 818 Brutum
574 787 612 819 et
637 782 842 819 Ciceronem
874 783 1126 819 intercedentis
1152 788 1312 829 exstare3
1337 788 1459 819 tamen

177 852 237 877 eos
262 840 353 878 hano
378 840 424 878 ob
449 853 594 878 causam
623 841 766 878 omnino
795 854 868 878 non
899 841 1072 890 epistulas
1103 845 1246 879 mutuas
1276 841 1460 890 scripsisse

175 912 248 935 non
272 900 457 944 contendo,
494 900 703 947 praesertim
742 912 823 936 cum
847 901 960 936 Bruto
997 901 1036 935 in
1061 900 1189 936 Cilicia
1225 901 1369 947 negotia
1395 911 1461 935 sua

176 956 298 1005 agenti
335 957 664 993 communicandum
700 957 812 993 fuisse
849 969 929 993 cum
964 956 1131 994 Cicerone
1166 958 1208 993 de
1245 957 1351 993 rebus
1387 957 1461 992 iam

175 1015 289 1063 gestis
314 1015 491 1053 videatur.

292 1151 418 1198 Neque
455 1152 646 1199 epistulam
683 1153 770 1189 anni
796 1153 866 1190 706
905 1156 1216 1189 commemoratam
1240 1144 1461 1196 invenimus3

177 1209 238 1245 sed
264 1221 345 1245 cum
370 1209 492 1246 Cicero
507 1214 555 1255 ‘et
579 1211 714 1247 Brutus
738 1212 776 1246 in
802 1211 930 1247 castris
943 1211 1105 1258 Pompeii
1116 1211 1212 1247 inter
1224 1222 1263 1246 se
1275 1210 1461 1255 vidissent,

177 1267 239 1303 ubi
251 1266 374 1303 Cicero
391 1279 455 1316 per
467 1280 606 1304 menses
621 1269 777 1315 Iunium,
790 1268 1002 1315 Quintilem,
1020 1268 1205 1315 Sextilem,
1216 1268 1461 1315 Septembrem

176 1325 384 1372 permansit,
407 1325 719 1374 redintegrataque
748 1328 908 1363 amicitia
936 1327 982 1362 iis
1013 1327 1157 1363 eaedem
1181 1327 1225 1375 de
1256 1338 1295 1362 re
1320 1325 1463 1373 publica

177 1383 376 1420 sententiae
401 1388 531 1430 essent,
565 1385 674 1421 etiam
698 1385 840 1422 litteras
866 1389 1008 1422 mutuas
1040 1389 1166 1433 postea
1191 1385 1375 1433 scripsisse
1399 1396 1462 1420 eos

175 1454 248 1478 non
264 1445 321 1479 est
335 1442 547 1490 negandum.
573 1444 716 1480 omnino
736 1455 870 1492 paucae
887 1443 932 1479 ad
949 1456 1015 1480 nos
1031 1447 1271 1492 pervenerunt
1286 1442 1461 1491 epistulae

177 1501 262 1537 anni
275 1501 358 1548 706,
376 1505 461 1538 sunt
473 1502 568 1538 enim
581 1502 731 1539 sedecim
744 1502 919 1551 epistulae
932 1502 1126 1550 ciceronis,
1138 1507 1217 1539 octo
1228 1502 1274 1538 ad
1286 1502 1461 1548 Atticum,

178 1563 259 1596 octo
283 1559 328 1595 ad
353 1560 569 1597 Terentiam.

780 1638 862 1673 707.

293 1694 419 1742 Neque
443 1694 486 1731 de
511 1695 674 1743 epistulis
704 1695 790 1731 anni
823 1696 893 1733 707
920 1695 1114 1743 quidquam
1147 1694 1392 1743 cognoscimus
1417 1705 1461 1730 ex

177 1752 341 1800 epistulis
365 1752 410 1787 ad
434 1753 598 1789 Atticum
622 1752 728 1799 datis,
755 1765 906 1800 quarum
930 1753 1035 1789 nobis
1052 1753 1291 1800 septendecim
1316 1756 1459 1799 praesto

177 1814 272 1848 sunt.
297 1810 501 1846 invenimus
525 1813 649 1847 tamen
673 1810 865 1859 epistulam
890 1811 1007 1857 Bruti,
1034 1811 1135 1847 cuius
1161 1810 1302 1857 quidem
1326 1810 1460 1845 mentio

175 1870 214 1907 in
233 1870 346 1906 Bruto
362 1868 542 1906 Ciceronis
559 1870 616 1916 fit3
640 1870 783 1907 litteras
800 1870 945 1918 scripsit
960 1870 1094 1907 Brutus
1111 1881 1156 1911 ex
1172 1869 1270 1915 Asia,
1294 1868 1333 1904 in
1350 1879 1458 1915 quam

176 1927 322 1964 Caesari
338 1928 482 1963 obviam
494 1929 622 1965 iverat.
648 1929 834 1964 audiamus
852 1928 1058 1965 Ciceronem
1075 1928 1126 1976 (3,
1140 1928 1221 1973 11):
1251 1939 1337 1973 „vos
1362 1938 1461 1972 vero,

174 1987 334 2034 inquam,
370 1986 504 2034 Attice,
537 1990 575 2024 et
608 1990 833 2034 praesentem
868 1999 926 2023 me
961 1998 1048 2024 cura
1080 1986 1212 2023 levatis
1250 1989 1287 2022 et
1317 1984 1461 2021 absenti

176 2057 308 2093 magna
332 2045 464 2082 solatia
488 2045 647 2082 dedistis,
682 2057 766 2082 nam
791 2046 923 2082 vestris
948 2046 1102 2094 primum
1125 2044 1257 2081 litteris
1281 2047 1462 2080 recreatus

175 2115 233 2141 me
257 2103 301 2140 ad
326 2104 480 2152 pristina
504 2104 623 2141 studia
647 2105 827 2141 revocavi.
858 2109 936 2141 tum
959 2104 1042 2140 ille:
1079 2103 1164 2151 legi,
1189 2103 1320 2150 inquit,
1345 2102 1463 2150 perlu-

176 2162 301 2199 beuter
325 2159 526 2211 epistulam,
553 2175 661 2211 quam
677 2163 723 2199 ad
743 2167 780 2200 te
798 2164 933 2200 Brutus
959 2163 1059 2199 misit
1074 2174 1119 2198 ex
1145 2161 1249 2208 Asia,
1276 2173 1348 2209 qua
1372 2161 1463 2197 mihi

177 2221 277 2257 visus
311 2225 368 2258 est
404 2225 441 2257 et
473 2233 616 2258 monere
652 2225 689 2258 te
725 2222 917 2269 prudenter
955 2225 992 2258 et
1028 2220 1204 2257 consolari
1236 2220 1463 2256 amicissime.

179 2277 241 2326 12)
265 2282 372 2326 recte,
413 2279 572 2326 inquam,
605 2283 661 2316 est
692 2279 804 2317 visus.
837 2291 922 2316 nam
952 2290 1008 2315 me
1037 2279 1119 2315 istis
1144 2278 1234 2315 scito
1259 2277 1393 2315 litteris
1419 2290 1464 2313 ex

176 2336 345 2373 diuturna
380 2337 648 2384 perturbatione
684 2338 798 2374 totius
831 2337 1049 2374 valetudinis
1081 2340 1267 2383 tamquam
1295 2337 1339 2372 ad
1370 2337 1464 2384 aspi-
