1627 2679
163 267 232 296 aut
254 261 438 296 Brutum“
480 265 518 297 et
555 273 589 308 q.
628 272 656 297 s.
696 272 780 296 nam
818 260 973 309 epistula
1010 260 1100 297 XII.
1126 260 1173 296 38
1210 260 1257 296 ad
1293 259 1452 297 Atticum

162 320 296 366 scripta
332 331 411 355 esse
435 319 579 355 videtur
612 320 737 366 paucis
768 319 897 355 diebus·
924 323 1008 366 post
1031 319 1222 366 epistulam
1248 319 1308 365 37,
1343 317 1452 353 nullis

160 377 300 413 interea
324 377 371 413 ab
396 377 517 414 Attico
534 376 667 413 litteris
685 378 842 424 acceptis
868 377 975 424 (XII.
993 378 1040 415 38
1057 377 1182 414 initio:
1211 389 1304 423 „non
1329 375 1452 412 dubito

162 436 249 482 quin
287 436 582 483 occupatissimus
619 436 740 482 fueris,
779 437 842 483 qui
873 436 919 472 ad
943 449 1001 473 me
1030 436 1121 472 nihil
1145 435 1365 481 litterarum3
1392 434 1453 470 sed

161 494 268 529 homo
301 505 468 541 nequam,
494 495 556 541 qui
580 498 683 531 tuum
708 495 930 531 commodum
955 508 1027 531 non
1051 494 1279 542 exspectarit,
1304 506 1385 530 cum
1409 492 1454 529 ob

161 562 242 588 eam
267 563 377 588 unam
400 564 547 588 causam
571 553 703 588 missus
729 552 883 601 essetl“)
917 551 1055 589 nullam
1079 553 1190 601 igitur
1214 552 1325 589 aliam
1349 551 1454 587 Bruti

162 611 355 659 epistulam
379 611 436 648 his
461 612 583 648 verbis
599 611 714 648 dicere
739 616 860 660 potest
876 611 1000 650 Cicero
1025 616 1136 660 atque
1156 624 1247 659 eam,
1273 623 1382 659 quam
1406 610 1452 647 ab

162 669 287 705 Attico
300 670 447 705 missam
472 672 609 718 accepit
621 671 756 706 similia
769 671 998 707 exhibentem
1013 683 1055 707 ac
1067 671 1173 706 Bruti
1189 670 1234 705 ad
1247 669 1453 706 Ciceronem

163 727 330 776 epistula.
369 732 406 765 et
443 728 608 765 Atticum
645 729 788 776 quidem
825 733 932 777 puto,
973 741 1054 766 cum
1087 732 1269 777 acceptam
1294 740 1316 764 a
1341 728 1453 764 Bruto

163 786 354 833 epistulam
380 799 452 822 una
477 800 557 823 cum
583 799 648 823 sua
667 787 830 824 Ciceroni
847 789 1017 834 misisset,
1045 789 1120 824 suis
1151 787 1285 823 litteris
1301 786 1455 822 declara·

162 844 270 889 visse,
296 844 386 880 bene
410 844 568 881 locutum
607 857 686 881 esse
719 845 883 892 Brutum,
922 846 985 892 qui
1013 844 1220 882 Ciceronem
1245 844 1455 880 adhortatus

162 905 268 949 esset,
305 914 351 938 ne
381 903 488 939 nimis
520 903 633 939 dolori
664 903 878 952 indulgeret,
927 916 1008 940 cum
1036 904 1069 940 is
1098 904 1166 940 hac
1196 903 1238 939 de
1270 914 1379 940 causa
1416 913 1455 937 se

162 961 315 997 Brutum
339 962 475 999 vitasse
500 974 674 999 excusans
692 963 905 1010 scripsisset.
918 962 947 1011 ¹)
972 975 1055 999 mox
1077 966 1199 999 autem
1218 960 1455 998 reconciliatis

163 1020 293 1056 animis
328 1021 463 1058 Brutus
501 1020 664 1058 Ciceroni
709 1034 748 1058 se
786 1022 824 1057 in
863 1022 1104 1059 Tusculanum
1145 1033 1224 1058 esse
1265 1023 1454 1057 venturum

162 1079 309 1115 nuntiat
333 1079 395 1128 (ad
419 1082 496 1117 Att.
521 1080 633 1116 XIII.
658 1081 694 1126 3,
719 1080 783 1128 2):
813 1081 877 1125 „de
902 1080 1008 1117 Bruti
1032 1081 1190 1116 adventu
1215 1091 1312 1116 eram
1336 1078 1453 1115 factus

164 1137 313 1184 certior3
339 1138 513 1175 attulerat
538 1139 633 1175 enim
653 1139 700 1175 ab
717 1150 759 1175 eo
775 1139 948 1187 Aegypta
963 1139 1115 1176 libertus
1126 1138 1301 1176 litteras.“
1321 1137 1455 1173 Brutus

164 1194 372 1232 Ciceronem
396 1197 544 1233 ineunte
570 1209 690 1233 mense
716 1198 822 1233 Iunio
848 1199 1018 1234 convenit
1044 1197 1106 1245 (ad
1124 1197 1205 1233 Att.
1222 1196 1333 1232 XIII.
1352 1196 1386 1242 7,
1404 1195 1455 1242 2),

163 1265 244 1288 cum
270 1254 302 1289 is
326 1255 365 1289 in
390 1255 632 1290 Tusculanum
665 1256 828 1291 venisset
852 1267 884 1292 a.
912 1255 945 1292 d.
971 1255 1078 1290 XVI.
1113 1254 1200 1291 Kal.
1236 1254 1361 1290 Iunias
1395 1253 1456 1299 (ad

162 1311 243 1348 Att.
269 1312 358 1350 XII.
385 1314 446 1360 44,
472 1313 510 1361 3)
531 1314 560 1361 ²)
587 1318 624 1350 et
648 1314 731 1350 inde
747 1314 928 1361 Arpinum
948 1314 1128 1361 profectus
1153 1317 1250 1350 esset
1274 1325 1307 1349 a.
1333 1312 1367 1350 d.
1384 1311 1453 1349 XI.

163 1369 247 1405 Kal.
274 1370 454 1411 Quintiles
486 1371 548 1419 (ad
581 1373 660 1409 Att.
694 1373 805 1407 XIII.
841 1372 899 1418 10,
934 1372 995 1418 3);
1031 1373 1093 1408 sed
1130 1385 1203 1407 non
1239 1372 1301 1407 diu
1330 1371 1456 1416 adfuit,

162 1440 244 1464 cum
267 1429 340 1464 iam
357 1429 513 1477 epistula
537 1430 582 1466 ad
599 1430 679 1468 Att.
697 1430 808 1467 XIII.
830 1430 870 1478 9,.
882 1431 918 1468 2.
944 1429 1068 1468 Cicero
1095 1430 1261 1467 nuntium
1284 1429 1327 1466 de
1343 1428 1456 1465 Bruto

164 1493 338 1535 posceret.
365 1490 444 1535 ipso
471 1501 594 1525 mense
618 1490 724 1525 Iunio
750 1490 795 1524 ad
821 1501 903 1525 eum
927 1490 1084 1536 epistula
1107 1489 1213 1525 Bruti
1237 1489 1378 1536 perlata
1401 1492 1457 1524 est

163 1545 223 1594 (ad
249 1546 330 1582 Att.
351 1546 462 1584 XIII.
484 1547 541 1593 10,
559 1546 616 1593 3):
647 1547 768 1593 „misit
792 1547 887 1582 enim
906 1547 1039 1583 Brutus
1065 1547 1109 1582 ad
1126 1558 1205 1582 me:
1230 1557 1294 1594 per
1315 1545 1457 1582 litteras

163 1608 297 1652 purgat
321 1604 512 1641 Caesarem
536 1605 579 1641 de
604 1605 754 1641 interitu
779 1605 954 1652 Marcelli,
979 1605 1018 1641 in
1043 1617 1161 1652 quem,
1186 1616 1232 1641 ne
1257 1605 1289 1640 si
1313 1603 1456 1640 insidiis

164 1662 307 1709 quidem
331 1663 394 1698 ille
417 1663 627 1699 interfectus
652 1667 759 1708 esset,
785 1663 928 1700 caderet
962 1663 1038 1699 ulla
1069 1663 1256 1710 suspitio.“
1284 1662 1456 1710 proximis

162 1720 245 1756 inde
282 1721 503 1769 temporibus
540 1721 671 1758 iterum
704 1721 810 1758 Bruti
848 1721 1013 1768 epistulis
1049 1720 1173 1758 Cicero
1203 1724 1313 1766 caret,
1350 1731 1456 1767 quem

286 1837 307 1874 ¹)
331 1837 445 1866 Confer
466 1838 507 1867 ad
528 1838 660 1867 Brutum
680 1838 704 1869 1.
726 1838 754 1874 9,
777 1838 803 1867 1.

283 1885 307 1922 ²)
327 1886 452 1914 Erravit
472 1887 635 1914 Drumann
658 1886 726 1922 (VI.
746 1896 777 1923 p.
797 1886 867 1921 296)
889 1887 923 1914 in
943 1889 1120 1923 temporum
1139 1887 1229 1922 serie,
1250 1895 1320 1914 cum
1341 1886 1457 1914 diceret

166 1943 194 1964 a.
216 1934 246 1962 d.
266 1934 378 1965 XVIII.
394 1934 463 1964 Kal.
479 1934 586 1971 Quint.
600 1934 719 1963 Astura
734 1934 916 1963 Ciceronem
936 1934 1112 1972 profectum
1134 1943 1202 1964 esse
1223 1938 1255 1963 et
1275 1934 1370 1973 paulo
1386 1938 1457 1973 post

165 1994 195 2014 a.
217 1984 245 2012 d.
266 1983 318 2012 XI.
339 1983 408 2012 Kal.
430 1983 516 2013 Sext.
537 1984 570 2012 in
584 1983 730 2021 Arpinati
751 1984 858 2013 fuisse.
880 1993 954 2013 nam
975 1992 1080 2013 mense
1095 1984 1218 2020 Martio,
1238 1983 1342 2022 Aprili
1355 1992 1454 2021 usque

166 2033 208 2061 ad
233 2033 307 2061 Idus
329 2032 426 2061 Maias
447 2033 582 2061 Asturae
605 2036 816 2062 commoratus
849 2036 895 2062 est
927 2034 991 2071 (ep.
1013 2033 1064 2064 sd.
1084 2033 1149 2063 Att.
1169 2033 1238 2062 XII.
1256 2033 1295 2062 42
1317 2033 1391 2062 data
1410 2037 1457 2062 est

165 2082 302 2110 Asturae
323 2090 351 2110 a.
373 2081 404 2111 d.
425 2081 478 2110 VI.
498 2081 574 2110 Idus
594 2082 715 2118 Maias),
746 2082 829 2111 unde
862 2083 1026 2120 profectus
1047 2083 1199 2121 postridie
1219 2082 1265 2111 Id.
1285 2083 1382 2111 Maias
1404 2082 1458 2118 (ad

165 2130 230 2160 Att.
250 2130 307 2159 XII
327 2130 376 2159 42.
395 2129 445 2167 44,
464 2130 496 2167 3)
519 2131 575 2159 diu
595 2130 754 2167 dubitans,
780 2135 884 2160 utrum
903 2133 937 2160 in
958 2131 1180 2168 Tusculanum,
1211 2140 1252 2160 an
1273 2131 1405 2160 Romam
1426 2134 1456 2159 et

165 2179 239 2207 inde
259 2179 415 2217 Arpinum
436 2180 496 2208 iret
515 2179 570 2214 (ad
580 2179 645 2208 Att.
656 2179 723 2210 XII.
734 2179 785 2216 43)
808 2188 841 2208 se
862 2181 996 2209 contulit
1015 2182 1048 2209 in
1063 2180 1274 2209 Tuscalanum
1289 2189 1317 2211 a.
1332 2180 1362 2210 d.
1374 2179 1456 2208 XVI.

165 2227 236 2256 Kal.
262 2228 368 2257 Iunias
389 2228 441 2264 (ad
461 2228 527 2259 Att.
547 2228 616 2257 XII.
629 2226 677 2264 44,
691 2228 733 2263 3).
746 2229 791 2257 ibi
812 2237 868 2267 per
888 2229 1045 2267 reliquum
1065 2238 1201 2258 mensem
1216 2229 1332 2257 Maium
1352 2231 1382 2257 et
1402 2237 1458 2266 per

165 2276 291 2304 Iunium
316 2278 432 2305 mansit
452 2280 638 2314 exspectans
659 2277 801 2306 tabulam
821 2277 986 2306 hortorum
1008 2278 1062 2314 (ad
1081 2277 1148 2309 Att.
1168 2277 1237 2306 XII.
1256 2277 1320 2313 49).
1341 2285 1357 2305 e
1378 2276 1457 2305 Tus-

167 2324 280 2353 culano
311 2325 469 2362 profectus
500 2326 561 2353 iter
592 2325 666 2354 fecit
687 2325 842 2363 Arpinum
868 2325 923 2362 (ad
947 2325 1014 2356 Att.
1039 2325 1121 2355 XIII.
1142 2326 1175 2363 9)
1202 2334 1229 2354 a.
1257 2325 1288 2354 d.
1313 2324 1366 2353 XI.
1387 2325 1457 2354 Kal.

167 2372 325 2417 Quintiles
348 2373 402 2408 (ad
422 2373 488 2403 Att.
509 2374 591 2405 xm.
612 2374 660 2413 10,
679 2374 725 2410 3);
752 2375 878 2404 fuerunt
906 2375 991 2403 enim
1023 2375 1079 2411 qui
1105 2376 1310 2413 opinarentur
1334 2382 1405 2403 eum
1424 2375 1457 2402 in
