1627 2679
705 130 903 159 *21-

161 242 233 279 qua
269 228 462 276 impeditus
497 227 557 273 sit,
595 238 641 262 ne
665 226 778 263 Bruto
814 227 905 263 satis
938 227 1072 274 fecerit,
1111 227 1155 263 ad
1188 228 1334 275 negotia
1368 240 1449 264 cum

160 284 407 326 Ariobarzane
456 288 538 321 acta
577 281 773 320 referenda
798 280 900 330 sunt3
942 284 1085 331 repellit
1120 285 1288 321 videlicet
1325 284 1449 321 Cicero

161 346 315 383 Brutum
355 343 482 391 iniqua
517 341 760 391 flagitantem
778 342 1023 379 demonstrans
1060 343 1221 390 Pompeii
1256 354 1331 379 rem
1368 354 1449 379 esse

159 397 313 452 priorem
351 406 465 448 atque
506 401 601 437 hunc
634 403 743 437 etiam
784 413 822 437 se
855 402 1019 448 precibus
1052 402 1160 438 adire.
1199 402 1293 448 quod
1317 402 1444 438 fecisse

159 460 370 508 Pompeium
394 459 569 507 probatur
598 457 779 495 Ciceronis
804 459 926 510 verbis
954 459 1013 508 (ad
1032 459 1113 496 Att.
1140 459 1187 497 V.
1203 459 1264 507 21,
1287 460 1343 497 10.
1380 459 1446 498 VI.

142 565 144 567 Ι
162 522 195 565 1,
221 520 275 566 6),
301 529 518 565 quamquam
541 518 575 552 ei
591 522 838 564 procuratores
858 519 897 552 in
909 519 1133 565 Cappadocia
1158 523 1261 554 erant
1286 519 1345 564 (ad
1362 519 1445 554 Att.

160 577 227 613 VI.
247 578 280 624 1,
297 577 332 614 3.
347 577 382 623 3,
401 575 455 623 5).
473 587 553 612 cum
570 579 691 612 autem
708 587 781 623 eas,
799 587 889 623 quas
905 576 1119 621 invenimus,
1136 576 1254 612 decem
1272 576 1447 624 epistulas

157 636 264 671 annis
286 635 357 672 703
388 638 425 670 et
451 635 523 670 704
550 635 701 681 scriptas
726 647 803 670 non·
821 634 893 670 nisi
917 635 1129 682 particulam
1154 637 1310 670 omnium
1334 636 1446 671 fuisse

158 692 436 729 existimandum
453 692 503 727 sit
519 695 556 727 et
575 692 762 738 epistulae,
788 704 937 738 quarum
954 704 1113 730 summae
1137 693 1284 739 negotia
1308 692 1446 740 agenda

158 752 302 797 fuerint,
320 763 392 786 non
408 750 536 786 breves
552 750 663 786 fuisse
680 750 831 797 possint,
856 762 918 786 eas
939 750 1028 798 duos
1045 752 1202 787 effecisse
1218 751 1329 787 libros
1344 755 1444 799 puto.

275 808 393 844 Annis
430 808 602 855 proximis
640 808 777 844 scilicet
803 807 886 854 705,
926 809 1008 854 706,
1046 809 1129 853 707,
1167 809 1238 845 708
1268 821 1347 844 cum
1373 821 1445 844 non

158 877 326 914 magnam
370 865 482 901 fuisse
522 865 725 902 litterarum
773 865 1063 902 consuetudinem
1105 866 1200 902 inter
1237 864 1444 902 Ciceronem

158 925 381 971 Brutumque
398 925 683 972 cognoverimus,
700 925 805 960 nobis
822 936 961 960 sumere
977 925 1063 961 licet
1080 924 1300 972 singulorum
1316 925 1443 960 horum

156 995 330 1019 annorum
348 983 522 1030 epistulas
534 983 598 1019 vix
615 983 775 1030 singulos
784 983 896 1019 libros
909 983 1112 1030 complexas
1129 995 1224 1029 esse3
1243 984 1446 1019 coniectura

156 1042 269 1089 igitur
293 1041 465 1077 efficimus
491 1041 665 1088 epistulas
690 1041 832 1088 quidem
858 1042 944 1076 anni
960 1042 1044 1088 705,
1071 1042 1103 1077 si
1121 1053 1212 1088 quae
1229 1041 1335 1077 datae
1359 1042 1445 1087 sint,

156 1099 249 1135 libro
266 1100 419 1135 secundo
435 1100 547 1136 fuisse
564 1099 717 1146 additas,
743 1104 879 1136 ceteras
899 1100 1038 1135 duobus
1053 1100 1156 1135 libris
1174 1100 1444 1147 comprehensas

156 1158 277 1195 fuisse.
304 1161 429 1194 contra
453 1169 627 1194 annorum
645 1158 715 1195 709
734 1162 771 1194 et
789 1158 860 1194 710
885 1158 1061 1205 epistulae
1082 1162 1156 1194 tam
1175 1158 1318 1194 crebrae
1335 1158 1445 1193 fuisse

156 1216 334 1262 videntur,
372 1220 413 1252 ut
437 1216 611 1263 epistulas
636 1217 823 1262 utriusque
857 1217 942 1251 anni
967 1216 1052 1251 libri
1078 1216 1220 1251 modum
1248 1216 1443 1251 excessisse

156 1273 362 1319 diceremus,
379 1275 495 1310 tribus
510 1275 624 1321 igitur
635 1274 739 1310 libris
753 1274 1038 1321 circumscriptas
1055 1274 1178 1311 fuisse.
1192 1285 1284 1320 quae
1302 1274 1443 1320 quidem

156 1332 269 1368 statui
305 1333 515 1369 existimans
552 1333 625 1368 fere
665 1344 787 1368 omnes
825 1331 1005 1368 Ciceronis
1043 1336 1081 1368 et
1125 1332 1231 1368 Bruti
1268 1331 1442 1379 epistulas

155 1394 299 1427 mut-uas
336 1403 414 1427 esse
450 1391 644 1437 collectas,
675 1404 759 1427 nam
795 1392 839 1437 is,
878 1392 939 1437 qui
975 1391 1149 1438 epistulas
1175 1391 1220 1426 ad
1245 1390 1441 1426 familiares

154 1447 277 1493 edidit,
303 1452 451 1496 excepto
475 1449 567 1485 libro
592 1449 693 1485 XIII
718 1449 836 1485 nullas
860 1460 983 1485 earum
1008 1449 1164 1485 exhibet.
1191 1448 1290 1495 (vide
1310 1462 1345 1496 p.
1363 1448 1441 1494 30).

270 1508 368 1556 Ergo
393 1508 615 1556 singulorum
646 1520 820 1544 annorum
845 1508 1020 1556 epistulas
1045 1509 1099 1544 ita
1123 1508 1290 1555 dispono:
1329 1509 1441 1544 conti-

154 1568 285 1600 nentur
681 1581 684 1583 ·

154 1623 241 1659 anni
345 1623 428 1669 703,
456 1623 538 1665 704,
566 1623 649 1661 705.
774 1596 856 1670 706,
884 1623 967 1669 707,
994 1623 1075 1660 708.
1200 1622 1283 1668 709,
1309 1623 1391 1660 710.

153 1700 246 1737 libro
446 1703 477 1738 Ι.
503 1703 555 1738 11.
833 1703 905 1740 111.
931 1703 999 1737 1V.
1176 1702 1222 1738 V.
1248 1702 1314 1739 VI.
1341 1702 1427 1736 VII.

153 1762 292 1795 restant
315 1759 400 1795 libri
417 1764 565 1796 octavus
591 1764 628 1797 et
652 1772 780 1807 nonus,
806 1760 937 1807 quibus
956 1759 1133 1807 epistulae
1158 1760 1245 1795 anni
1262 1760 1330 1796 711
1359 1771 1440 1796 con-

153 1817 334 1866 tinentur3
372 1819 556 1868 deperdita
584 1824 688 1868 parte
720 1815 805 1856 libri
837 1820 957 1856 octavi
982 1820 1167 1856 amisimus
1191 1830 1272 1855 mea
1296 1818 1438 1866 quidem

152 1878 333 1913 sententia
366 1878 540 1926 epistulas
573 1882 726 1914 exeunte
751 1890 845 1914 anno
873 1879 946 1914 710
970 1881 1009 1914 et
1033 1878 1215 1915 mensibus
1240 1877 1437 1913 Februario

153 1938 191 1971 et
214 1935 346 1972 Martio
374 1936 441 1972 711
460 1937 489 1985 ²)
506 1936 620 1975 datas.
646 1936 755 1973 liceat
771 1940 891 1973 autem
917 1936 1006 1972 mihi
1026 1936 1210 1985 epistulas,
1237 1947 1327 1983 quae
1343 1948 1438 1972 nunc

151 1995 266 2041 primo
292 2000 329 2032 et
353 1996 466 2032 altero
490 1996 581 2032 libro
615 1996 660 2032 ad
684 1997 735 2033 M.
761 1997 914 2033 Brutum
946 2000 1102 2042 exstant,
1142 2008 1213 2031 non
1239 1996 1438 2042 seiungere,

151 2055 233 2088 cum
257 2053 351 2089 infra
375 2048 594 2101 argumenta*
611 2053 786 2090 allaturus
813 2055 893 2090 sim.

273 2141 294 2177 ¹)
317 2142 458 2180 scriptae
479 2145 551 2170 sunt
571 2150 677 2170 mense
697 2142 869 2171 Februario
896 2142 1032 2180 epistula
1053 2141 1209 2170 Ciceronis
1231 2141 1284 2176 (ad
1304 2141 1438 2169 Brutum

151 2188 190 2218 11.
210 2190 240 2226 5,
259 2189 308 2227 4):
341 2191 423 2227 „iam
450 2184 585 2219 concedo
611 2193 647 2219 ut
670 2190 722 2220 vel
747 2190 918 2228 Philippici
943 2193 1102 2226 vocentur,
1128 2189 1214 2226 quod
1239 2192 1275 2217 tu
1299 2189 1437 2226 quadam

152 2238 288 2275 epistula
306 2239 414 2267 iocans
429 2240 610 2276 scripsisti.“
627 2243 657 2267 et
677 2238 784 2267 mense
804 2239 916 2267 Martio
937 2239 1002 2267 fere
1023 2247 1051 2268 a.
1066 2238 1096 2268 d.
1111 2238 1153 2265 VI
1175 2238 1260 2273 Idus,
1282 2246 1352 2265 cum
1366 2238 1437 2266 Kal.

150 2285 314 2323 Aprilibus
327 2295 512 2325 responsum
523 2290 729 2324 exspectetur,
743 2287 878 2325 epistula
891 2287 990 2323 Bruti,
1007 2288 1127 2323 „nuntii
1140 2289 1319 2315 nostrarum
1332 2295 1437 2315 rerum

152 2337 182 2363 et
203 2334 241 2364 de
262 2338 362 2366 morte
382 2335 550 2366 Treboni&
572 2335 627 2373 (ad
647 2335 735 2367 Brut.
754 2335 794 2368 II.
813 2335 843 2373 5,
862 2336 904 2375 1).
