1627 2679
737 129 910 158 ..8-

797 226 850 263 ΙΙ.

291 293 396 329 Nunc
414 293 599 341 epistulas,
618 305 709 341 quae
725 294 890 343 indagari
907 298 1067 343 possunt,
1088 294 1280 331 secundum
1296 295 1468 343 temporis

173 351 333 388 ordinem
359 356 630 389 enumeraturus
655 365 746 390 sum.

778 461 861 499 703.

292 530 425 576 Prima,
463 542 571 577 quam
604 530 813 577 reperimus,
852 530 1007 578 epistula
1038 533 1094 566 est
1117 529 1223 566 Bruti
1259 529 1397 578 perlata
1422 529 1468 565 ad

174 587 380 624 Ciceronem
406 601 527 624 mense
553 588 728 634 Quint1113
765 601 850 624 nam
874 589 1028 637 legimus
1062 589 1124 635 (ad
1145 589 1224 625 Att.
1253 588 1319 626 VI.
1345 588 1380 634 3,
1407 589 1466 634 5):

178 645 359 693 „Scaptio‚
385 648 448 694 qui
473 648 511 682 in
537 647 763 694 Cappadocia
787 647 868 694 fuit,
903 652 990 695 puto
1015 659 1093 683 esse
1119 647 1362 683 satisfactum:
1387 647 1420 682 is
1446 657 1468 680 a

175 716 232 741 me
261 705 485 742 tribunatum
519 717 600 742 cum
633 706 842 753 accepisset,
884 718 990 753 quem
1019 718 1085 754 ego
1117 718 1165 741 ex
1188 705 1306 741 Bruti
1328 705 1469 741 litteris

173 764 209 799 ei
234 763 453 811 detulissem,
479 768 606 811 postea
631 765 776 812 scripsit
801 765 846 800 ad
871 777 927 801 me
945 777 983 801 se
1009 766 1064 801 uti
1080 764 1176 801 nolle
1201 776 1242 800 eo
1268 764 1467 801 tribunatu.

174 821 316 857 Gravius
342 826 397 858 est
422 823 578 869 quidam,
614 823 672 858 cui
709 835 790 859 cum
828 823 1088 870 praefecturam
1119 821 1329 858 detulissem
1352 822 1470 857 Bruti

175 888 326 927 rogatu,
351 880 467 917 multa
492 884 529 917 et
554 881 647 917 dixit
672 884 709 918 et
732 881 818 917 fecit
851 893 931 917 cum
957 880 1110 928 quadam
1135 892 1216 916 mea
1241 879 1468 926 contumelia,

173 940 214 974 P.
242 937 358 974 Clodii
382 939 515 974 canis.“
554 938 697 986 (Confer
725 939 833 975 etiam
859 939 904 974 ad
929 939 1010 974 Att.
1035 939 1102 974 VI.
1130 940 1164 984 1,
1190 938 1241 986 4).
1276 939 1349 973 iam
1374 950 1468 973 anno

175 996 246 1033 703
271 996 360 1033 haec
383 996 480 1033 facta
505 1008 583 1033 esse
608 997 736 1034 docent
760 1008 815 1044 ea,
841 1009 932 1045 quae
950 989 1231 1044 subsequuntur:
1261 996 1314 1043 „is
1330 1007 1387 1032 me
1404 1008 1470 1033 nec

173 1055 457 1103 proficiscentem
485 1056 650 1102 Apamea
666 1057 695 1103 ¹)
722 1060 932 1103 prosecutus
958 1060 1024 1102 est,
1060 1068 1137 1101 nec,
1175 1068 1255 1092 cum
1280 1059 1406 1102 postea
1430 1055 1469 1090 in

173 1117 295 1149 castra
311 1114 473 1149 venisset
490 1118 599 1160 atque
616 1114 698 1150 inde
715 1114 921 1160 discederet,
938 1126 1025 1149 num
1039 1114 1125 1161 quid
1141 1113 1285 1159 vellem,
1309 1113 1467 1161 rogavit,

173 1175 212 1208 et
235 1172 307 1208 fuit
331 1176 455 1220 aperte
480 1172 569 1208 mihi
594 1173 714 1209 nescio
741 1184 812 1220 qua
842 1185 881 1208 re
905 1185 979 1208 non
1003 1173 1173 1209 amicus.“
1206 1171 1386 1219 profectus
1411 1176 1468 1208 est

174 1229 298 1265 Cicero
324 1242 358 1266 a.
385 1230 418 1266 d.
445 1230 533 1266 VII.
560 1230 645 1265 Kal.
665 1230 765 1266 Sext.
792 1232 952 1276 Apamea
977 1234 1014 1265 et
1038 1231 1077 1264 in
1102 1233 1221 1265 castra
1246 1230 1348 1265 venit
1373 1240 1405 1265 a.
1432 1229 1465 1263 d.

174 1286 262 1323 VII.
280 1286 366 1322 Kal.
385 1286 482 1335 Sept.
508 1287 653 1335 iamque
670 1287 817 1335 Scaptio
835 1291 872 1324 et
889 1286 1007 1324 Gavio
1025 1287 1266 1336 praefecturas
1283 1287 1468 1335 Apameae

174 1345 364 1382 detulerat.
382 1346 525 1382 litterae
542 1347 655 1394 igitur
671 1347 789 1392 Bruti,
814 1347 945 1393 quibus
961 1348 1153 1393 petiverat,
1170 1351 1211 1382 ut
1227 1347 1469 1393 praefecturae

175 1403 355 1451 darentur,
375 1404 535 1441 redditae
561 1416 639 1440 esse
664 1404 833 1441 videntur
857 1416 978 1440 mense
1004 1404 1170 1446 Quintili.
1197 1425 1245 1430 —
1271 1407 1468 1451 sequuntur

175 1462 267 1498 duae
293 1463 480 1510 epistulae,
506 1463 621 1499 altera
638 1464 754 1508 Bruti,
781 1464 843 1510 qui
868 1464 987 1499 animo
1006 1463 1159 1499 demisso
1185 1475 1223 1498 se
1241 1463 1284 1498 de
1300 1473 1469 1510 prospero

179 1522 318 1568 negotii
351 1526 484 1558 eventu
508 1522 695 1569 desperare
726 1523 880 1570 scripsit,
919 1522 1034 1558 altera
1059 1521 1252 1567 Ciceronis,
1291 1534 1362 1568 qua
1387 1533 1468 1557 eum

176 1580 343 1616 hortatur
367 1584 405 1616 et
429 1580 616 1616 confirmat
640 1581 702 1628 (ad
727 1581 807 1616 Att.
835 1580 880 1617 V.
906 1581 967 1625 20,
995 1580 1053 1628 6):
1096 1580 1178 1626 „sed
1204 1580 1249 1615 ad
1275 1580 1470 1627 praeterita

176 1642 401 1674 revertamur
421 1667 572 1676 .......
611 1639 749 1675 interea
780 1651 799 1675 e
826 1638 1052 1686 Cappadocia
1085 1650 1130 1674 ne
1163 1638 1276 1687 pilum
1310 1638 1468 1685 quidem3

176 1698 340 1732 Brutum
367 1698 559 1738 abiectum,
599 1704 778 1742 quantum
797 1698 918 1743 potui,
946 1697 1135 1734 excitavi.“
1163 1697 1307 1743 scripsit
1323 1697 1469 1742 Brutus,

176 1768 258 1792 cum
284 1756 434 1792 nuntius
451 1756 604 1791 Romam
629 1756 789 1792 venisset
814 1760 851 1792 et
868 1755 1049 1792 Ciceronis
1074 1755 1218 1792 litterae
1242 1755 1286 1791 de
1310 1755 1469 1791 tumultu

177 1813 424 1862 Cappadociae
450 1815 489 1850 in
513 1819 642 1851 senatu
659 1815 774 1851 Nonis
799 1814 878 1851 Oct.
905 1814 965 1863 (ad
986 1815 1066 1852 Att.
1095 1814 1139 1850 V.
1157 1814 1218 1860 21,
1235 1815 1258 1850 2
1285 1813 1357 1861 ex.)
1383 1815 1470 1850 reci-

176 1876 276 1909 tatae
302 1877 434 1919 essent,
473 1874 620 1909 ineunte
654 1885 774 1909 mense
800 1873 968 1919 Octobri;
1009 1884 1092 1908 nam
1118 1873 1281 1908 videmus
1306 1872 1352 1908 ab
1378 1884 1411 1908 a.
1438 1872 1468 1907 d.

177 1933 225 1969 X.
253 1931 336 1968 Kal.
363 1932 454 1979 Oct.‚
481 1945 550 1979 quo
577 1932 634 1968 die
659 1933 702 1968 ad
729 1932 892 1969 Atticum
918 1932 1110 1980 epistulam
1135 1932 1182 1968 V.
1205 1933 1252 1969 18
1279 1933 1470 1981 scripserat

180 1992 218 2040 (l.
244 1992 269 2029 l.
296 1994 318 2037 ξ
344 1990 397 2039 4),
434 1992 678 2028 intercessisse
713 1995 772 2028 sat
795 1991 943 2039 longum
969 1992 1128 2038 spatium
1154 2003 1267 2038 usque
1292 1990 1337 2026 ad
1362 1990 1468 2036 diem,

176 2064 247 2098 quo
271 2051 378 2087 Bruti
402 2051 593 2099 epistulam
611 2055 807 2099 acceperat,
833 2063 912 2087 cum
936 2051 1074 2087 interea
1091 2062 1111 2086 e
1128 2049 1355 2098 Cappadocia
1379 2049 1469 2085 nihil

176 2111 262 2146 novi
288 2110 498 2156 audivisset,
532 2114 641 2157 atque
667 2122 711 2146 ex
737 2121 778 2146 eo
804 2110 873 2154 die,
899 2122 969 2156 quo
994 2109 1107 2145 Bruto
1133 2109 1328 2156 rescripsit,
1361 2108 1469 2144 inter-

178 2170 312 2205 iectum
338 2180 421 2222 esse
443 2168 581 2215 aliquid
606 2169 778 2216 temporis
804 2180 916 2215 usque
942 2168 985 2203 ad
1012 2180 1045 2203 a.
1071 2168 1105 2202 d.
1131 2166 1237 2204 XIV.
1266 2166 1351 2202 Kal.
1377 2166 1469 2212 Ian.,

168 2254 412 2270 5-—-

297 2295 321 2332 ¹)
343 2295 509 2324 Traditum
535 2298 582 2323 est
609 2295 875 2332 „proficiscentem
896 2293 1102 2331 Apameam“;
1135 2293 1237 2322 Bootii
1259 2295 1468 2321 correcturam

177 2347 302 2373 secutus
324 2352 403 2379 sum,
424 2344 491 2372 eius
512 2345 697 2380 argumenta
717 2343 864 2380 probans.
