1627 2679
717 126 914 157 ..22-

285 224 393 261 Nunc
407 225 665 272 perlustramus
681 225 885 272 fragmenta.
900 228 938 262 et
953 226 1109 272 primum
1126 224 1269 272 quidem
1289 236 1344 270 ea,
1369 235 1462 275 quae
1493 263 1499 272 X

169 283 275 320 nobis
300 283 447 320 exhibet
462 282 736 325 Quintilianus,
751 285 815 332 qui
830 282 920 322 dicit
943 283 996 320 II.
1016 283 1078 330 20,
1095 283 1135 320 9:
1165 286 1225 330 „et
1242 284 1320 331 ipse
1336 281 1462 322 cinero

168 353 191 378 a
215 353 282 378 sua
306 354 460 390 persona.
493 354 575 381 cum
601 342 647 379 ad
671 343 825 380 Brutum
850 344 890 379 in
922 343 1088 390 epistulis
1120 346 1198 385 tum
1214 351 1217 353 ’
1232 342 1329 380 aliis
1350 342 1462 379 etiam

168 400 257 437 locis
282 401 456 437 virtutem
481 412 561 437 eam
587 401 655 448 (sc.
680 400 942 450 eloquentiam)
964 400 1172 449 appellet?“
1200 412 1355 448 quonam
1370 403 1460 437 tem.-

167 471 253 507 pore
278 459 370 496 haec
396 461 583 508 scripsisse
608 458 816 497 Ciceronem
847 459 893 497 ad
922 460 1076 497 Brutum
1105 459 1300 498 volumus?
1333 470 1462 507 nempe

167 531 221 564 eo,
247 532 317 566 quo
344 520 378 554 ei
401 519 535 555 librum
559 520 660 555 misit
685 518 728 555 de
753 521 889 569 optimo
914 531 1044 567 genere
1068 518 1221 564 dicendi,
1251 531 1345 555 anno
1373 519 1460 557 708..

168 577 264 624 quod
287 577 384 612 idem
408 577 509 613 valet
531 578 570 612 in
593 577 706 613 alium
722 577 854 623 locum,
879 578 943 624 qui
958 580 1080 614 exstat
1096 576 1191 624 apud
1207 576 1333 619 Quint.
1351 576 1460 616 VIII.

169 636 205 681 3,
231 636 275 672 6:
305 639 491 683 „recteque
517 635 641 672 Cicero
665 636 723 672 his
747 637 838 683 ipsis
864 636 910 672 ad
925 636 1079 674 Brutum
1104 636 1225 672 verbis
1246 634 1401 683 quadam
1422 636 1460 671 in

168 694 325 741 epistula
350 694 492 730 scribit:
527 706 650 730 »nam
675 694 931 741 eloquentiam,
961 706 1054 741 quae
1083 694 1357 732 admirationem
1387 706 1461 730 non

167 751 289 798 habet,
307 752 444 788 nullam
460 751 632 790 indicos«
657 752 746 789 haeo
773 752 885 792 verba
900 752 947 788 ad
964 752 1138 800 epistulas
1156 764 1250 789 anno
1268 752 1339 789 708
1357 750 1461 789 datas

167 811 352 847 referenda.
376 823 455 847 esse
483 811 653 847 videntur
683 811 772 847 mihi
797 813 1024 847 existimanti
1058 811 1331 858 reprehensione
1354 811 1461 846 Bruti

168 869 397 905 vulneratum
431 868 637 906 Ciceronem
667 870 731 905 vix
767 870 899 905 iterum
937 881 1044 906 ansas
1081 868 1240 906 eiusdem
1277 870 1460 916 vitupera-

168 929 279 964 tionis
304 929 339 964 ei
363 927 531 964 daturum
555 929 676 965 fuisse.
711 929 822 965 etiam
856 930 1015 976 cogitare
1038 929 1137 974 licet,
1171 929 1204 965 si
1237 928 1323 975 quid
1354 940 1460 975 argu-

167 989 282 1024 menti
305 999 350 1023 ex
384 987 505 1023 verbis
529 987 643 1035 huius¹
669 987 741 1024 loci
765 990 859 1023 sumi
889 990 1021 1035 potest,
1054 999 1135 1024 cum
1166 987 1302 1024 Brutus
1337 998 1376 1023 se
1402 998 1457 1032 sa,

169 1058 260 1094 quae
284 1047 323 1082 in
352 1047 445 1083 libro
479 1046 523 1083 de
556 1048 691 1094 optimo
723 1059 854 1094 genere
886 1046 1027 1083 dicendi
1060 1048 1225 1094 exposita.
1256 1049 1353 1092 sunt,
1386 1058 1459 1084 nnn

167 1106 319 1152 probare
335 1107 548 1152 scripsisset,
574 1104 781 1141 Ciceronem
798 1105 1023 1152 respondisse
1040 1118 1095 1151 ea,
1117 1118 1208 1153 quae
1224 1106 1329 1141 nobis
1346 1116 1460 1140 esser-

125 1163 133 1171 ‘
167 1167 301 1201 vantur
333 1176 355 1200 a
380 1163 606 1206 Quintiliano
639 1164 748 1201 VIII.
774 1165 808 1210 6,
842 1165 891 1201 20
915 1168 953 1201 et
977 1164 1047 1202 55:
1085 1171 1149 1211 „et
1181 1167 1306 1201 contra
1335 1162 1459 1200 Cicero

168 1224 213 1259 ad
238 1224 391 1259 Brutum
418 1223 627 1270 »populo«
652 1225 783 1270 inquit,
824 1224 1105 1270 »imposuimus
1138 1226 1176 1259 et
1201 1227 1360 1259 oratores
1388 1223 1461 1258 visi

167 1293 342 1318 sumus«
385 1281 523 1317 scilicet
553 1281 676 1317 Cicero
711 1281 864 1317 Brutum
897 1282 1066 1328 obiurgat
1097 1281 1218 1317 dicens
1252 1293 1291 1317 se
1323 1279 1460 1316 iamdu-

167 1340 252 1377 dum
278 1343 455 1377 oratorem
480 1352 503 1376 a
527 1340 660 1388 populo
685 1340 876 1388 probatum
901 1352 992 1387 esse,
1017 1343 1143 1377 contra
1166 1352 1351 1388 nunquam
1370 1339 1460 1375 Bru-

168 1405 246 1435 tum
272 1412 391 1435 coram
416 1399 547 1446 populo
573 1400 685 1435 verba
710 1400 848 1437 fecisse.
875 1399 986 1437 alium
1012 1400 1184 1436 habemus
1213 1400 1332 1435 locum
1365 1396 1462 1445 apud

168 1458 294 1501 Quint.
320 1458 394 1494 ΠΙ.
420 1458 456 1504 8,
482 1458 550 1494 42:
580 1461 744 1505 „poterat
763 1470 820 1494 me
837 1458 990 1495 liberare
1016 1457 1152 1504 Cicero,
1178 1459 1241 1506 qui
1264 1459 1318 1494 ita
1334 1456 1462 1494 scribit

168 1517 214 1554 ad
238 1518 391 1553 Brutum
415 1518 630 1564 praepositis
655 1517 832 1564 plurimis,
859 1530 950 1565 quae
974 1518 1123 1554 honeste
1149 1517 1291 1554 suaderi
1312 1515 1463 1553 Caesari

169 1577 329 1624 possint:
359 1577 513 1611 „simne
531 1576 646 1611 bonus
662 1577 731 1620 vir,
752 1577 785 1611 si
801 1576 890 1612 haec
906 1576 1103 1612 suadeam?
1124 1577 1282 1612 minime.
1304 1576 1462 1611 suasoris

172 1635 268 1670 enim
293 1633 376 1669 finis
401 1637 458 1669 est
474 1633 616 1669 utilitas
642 1634 731 1680 eius,
758 1635 816 1669 cui
842 1635 993 1681 quisque
1018 1633 1155 1672 suadet.
1182 1637 1222 1670 at
1241 1637 1340 1670 recta
1356 1635 1460 1669 sunt:

171 1694 252 1741 quis
278 1692 416 1740 negat?
453 1692 516 1728 sed
540 1705 612 1728 non
643 1696 699 1728 est
730 1704 870 1740 semper
895 1694 1002 1729 rectis
1027 1694 1065 1728 in
1096 1692 1275 1730 suadendo
1305 1692 1461 1734 locus.«

167 1752 255 1788 haec
280 1753 415 1799 scripta
440 1763 518 1788 esse
543 1755 696 1799 possunt
720 1753 824 1795 annis
851 1752 898 1787 ab
923 1756 1076 1788 exeunte
1101 1764 1223 1789 mense
1240 1751 1371 1789 Sextili
1389 1750 1459 1787 707

167 1823 280 1858 usque
306 1810 352 1847 ad
376 1810 465 1847 Idus
489 1810 644 1846 Martias
672 1811 754 1847 710.
781 1823 843 1846 0111·
867 1810 991 1849 malim
1016 1810 1133 1852 dicere
1159 1823 1202 1847 ea
1222 1812 1357 1858 scripta
1381 1822 1460 1847 esse

167 1881 261 1905 anno
290 1869 374 1914 709,
399 1869 487 1904 haec
511 1872 597 1905 sunt
614 1872 847 1920 argumenta:
874 1880 967 1908 anno
996 1869 1065 1906 707
1084 1868 1208 1917 Cicero
1228 1880 1350 1917 pugna
1365 1868 1461 1916 apud

167 1927 382 1964 Pharsalum
408 1927 600 1964 commissa
635 1918 734 1964 vitae
760 1939 847 1964 suae
871 1928 977 1965 timet
1001 1929 1176 1974 nesciens,
1210 1927 1304 1979 quod
1329 1926 1462 1964 Caesar

168 1986 211 2022 de
238 1997 277 2022 se
298 1985 488 2021 consilium
511 1986 630 2030 ineat3
656 1997 749 2021 anno
770 1986 838 2022 708
858 1985 990 2022 Caesar
1005 1987 1044 2022 in
1060 1987 1187 2027 Africa
1202 1986 1338 2023 bellum
1353 1987 1460 2034 gerit,

166 2057 233 2081 nec
258 2056 336 2080 esse
353 2043 507 2089 videtur,
534 2043 628 2091 quod
653 2045 687 2079 ei
705 2043 828 2085 Cicero
853 2057 917 2092 per
933 2045 1087 2085 Brutum
1111 2047 1151 2081 in
1168 2043 1291 2082 Gallia
1307 2057 1461 2082 commo-

166 2107 307 2139 rantem
332 2102 482 2138 suadere
503 2104 630 2149 possit,
657 2094 900 2139 contra-anno
928 2104 998 2139 709
1016 2103 1139 2140 Cicero
1164 2105 1243 2152 ipse
1268 2103 1313 2140 ad
1334 2103 1461 2140 Caesa-

166 2174 240 2198 rem
266 2162 441 2210 epistulas
467 2163 584 2198 mittit
609 2163 711 2209 eique
729 2162 857 2199 suadet
882 2162 944 2212 (ad
960 2163 1041 2201 Att.
1059 2163 1171 2199 XIII.
1189 2163 1249 2210 31,
1270 2164 1324 2211 3),
1351 2167 1460 2210 atque

167 2222 199 2256 si
215 2221 368 2256 Brutum
387 2220 576 2256 Caesarem
602 2220 648 2256 ad.
668 2221 780 2256 bonos
805 2222 903 2257 viros
928 2221 1044 2257 redire
1061 2222 1248 2269 scripsisse
1265 2223 1460 2269 accipimus

167 2278 241 2325 (ad.
267 2279 348 2316 Att.
373 2278 485 2316 XIII.
511 2279 572 2324 40,
601 2278 650 2326 1),
675 2278 759 2319 inde
784 2279 987 2327 colligimus
1013 2278 1221 2320 Ciceronem
1246 2291 1327 2317 cum
1352 2292 1394 2316 60
1414 2279 1458 2317 (16

168 2336 332 2372 Caesaris
351 2338 471 2372 animo
489 2337 665 2372 movendo
692 2338 982 2374 communicasse.
1010 2341 1105 2374 certo
1131 2338 1348 2375 affirmamus
1365 2350 1460 2374 anno
