1627 2679
721 137 893 167 -7-

80 249 89 254 “
129 219 148 221 ἡ
164 236 257 285 quod
294 235 357 271 ille
393 233 606 281 repudiavit,
646 245 684 269 se
721 234 794 269 iam
831 234 943 270 Bruto
973 233 1091 270 Attici
1128 236 1259 280 rogatu
1296 232 1450 268 edictum

164 295 349 343 scripsisse
372 291 601 340 respondens,
631 292 694 328 sed
727 304 865 340 „meum
895 292 983 328 mihi
1011 291 1189 340 placebat,
1219 290 1275 327 illi
1305 292 1448 326 suum.“

163 358 250 390 tuno
286 353 395 388 etiam
425 351 559 386 Brutus
590 350 795 388 Ciceronem
826 351 990 398 precibus
1022 351 1130 397 adiit,
1172 355 1213 386 ut
1248 350 1447 386 orationem

164 422 266 447 suam
303 410 342 445 in
378 407 557 456 Capitolio
593 407 755 444 habitam
791 409 1001 456 corrigeret3
1040 408 1101 444 sed
1140 409 1173 444 is
1209 407 1348 456 petenti
1383 406 1452 443 hoc

163 468 372 516 denegavit,
397 479 478 503 cum
502 466 546 502 de
569 478 699 515 genere
723 466 861 503 dicendi
884 467 989 503 valde
1013 467 1243 503 dissentirent
1279 466 1342 514 (ad
1367 465 1448 502 Att.

163 526 248 564 XV.
267 526 326 572 1b,
343 526 376 563 2.
395 526 430 572 3,
447 524 499 573 2).
517 528 670 561 exeunte
686 537 807 561 mense
823 526 922 562 Maio
947 526 1135 562 consilium
1152 526 1285 561 Brutus
1302 525 1447 573 petivit,

163 589 283 623 utrum
307 584 459 621 Romam
484 583 615 620 rediret
647 595 695 620 an
718 583 876 620 Lanuvii
907 589 1077 631 maneret,
1115 596 1138 620 a
1162 583 1330 621 Cicerone
1368 584 1449 632 ipso

163 644 361 688 dubitante,
388 642 472 689 quid
497 642 568 678 sibi
591 642 792 678 faciendum
816 646 913 678 esset
936 642 998 690 (ad
1022 642 1101 679 Att.
1127 643 1207 679 XV.
1227 644 1262 688 5,
1290 643 1339 690 1).
1365 654 1450 677 mox

163 713 242 738 cum
268 700 503 737 deliberatum
529 700 781 736 convenissent
803 699 956 736 Antium
982 704 1018 736 et
1043 701 1163 738 Cicero
1190 704 1227 737 et
1251 700 1384 736 Brutus
1410 704 1450 735 et

164 760 241 796 eius
266 763 392 805 mater,
418 770 528 804 soror,
553 770 643 794 uxor
668 758 730 805 (ad
750 758 830 795 Att.
853 757 939 795 XV.
958 759 1029 804 11),
1055 759 1289 795 constitutum
1314 762 1381 804 est,
1408 762 1451 795 ut

163 817 313 852 absente
337 816 450 852 Bruto
475 816 552 851 ludi
576 816 714 852 fierent.
739 816 847 863 paulo
873 820 957 862 post
981 815 1102 852 Cicero
1139 817 1269 852 iterum
1298 817 1449 852 Brutum

163 874 284 911 videre
309 875 448 922 cupivit
471 874 530 922 (ad
555 874 636 911 Att.
661 874 746 912 XV.
772 874 832 921 16,
858 874 918 922 6);
944 873 1044 910 nulla
1067 878 1200 920 tamen,
1225 877 1268 910 ut
1293 873 1448 919 videtur,

163 945 227 980 per
249 934 383 969 mensis
408 934 566 980 spatium
591 933 775 969 occasione
800 932 1033 969 conveniendi
1058 933 1143 969 data
1173 933 1234 980 (ad
1259 932 1339 968 Att.
1363 931 1450 969 XV.

164 991 222 1037 29,
249 991 302 1039 1),
339 991 480 1027 demum
505 1003 538 1027 a.
564 991 597 1028 d.
625 991 733 1028 VHI.
770 991 825 1028 Id.
857 990 1037 1033 Quintiles
1069 991 1221 1027 Brutum
1251 989 1372 1027 Cicero
1408 991 1449 1025 in

163 1050 296 1086 Neside
333 1050 426 1086 vidit
462 1054 499 1086 et
533 1063 613 1086 cum
638 1062 680 1086 eo
706 1050 854 1086 moleste
880 1050 977 1094 tulit,
1016 1050 1110 1096 quod
1145 1050 1222 1085 ludi
1259 1049 1452 1097 proscripti

149 1111 284 1143 -essent
323 1108 460 1154 „Nonis
484 1108 611 1143 Iuliis“
651 1108 715 1155 (ad
739 1107 830 1143 Att:
845 1108 950 1143 XVI.
981 1110 1018 1154 1,
1044 1108 1093 1155 1).
1132 1112 1288 1144 ceterum
1326 1106 1450 1143 Cicero

163 1166 295 1202 iterum
320 1170 428 1213 atque
452 1167 582 1202 iterum
608 1178 653 1201 ex
669 1166 865 1203 Puteolano
883 1166 927 1201 ad
945 1166 1147 1202 Brutumin
1164 1166 1332 1201 Nesidem
1355 1165 1448 1210 ibat,

164 1229 205 1260 ut
229 1236 309 1260 cum
334 1236 376 1260 eo
401 1224 444 1261 de
469 1225 702 1272 navigatione
727 1225 906 1261 communi
930 1224 1144 1261 deliberaret
1169 1224 1232 1271 (ad
1248 1223 1329 1260 Att.
1347 1223 1451 1260 XVI.

163 1285 199 1328 4,
225 1282 276 1330 4).
314 1283 444 1319 iterum
481 1295 517 1319 a.
543 1284 576 1318 d.
602 1283 708 1320 XVI.
746 1283 831 1319 Kal.
871 1283 1097 1330 Septembres
1135 1282 1258 1319 Cicero
1295 1283 1447 1319 Brutum

166 1340 291 1377 Veliae
327 1341 421 1377 vidit
458 1341 519 1390 (ad
543 1341 623 1377 Att.
649 1341 754 1378 XVI.
780 1342 822 1387 7,
849 1341 900 1389 5).
941 1341 1052 1377 velim
1088 1342 1258 1389 respicias
1296 1341 1450 1388 speciem

162 1399 432 1446 familiaritatis,
453 1404 626 1446 quantum
643 1401 689 1435 ab
705 1400 770 1435 illa
785 1401 942 1447 priorum
959 1412 1134 1436 annorum
1158 1400 1353 1446 discrepet:
1379 1412 1452 1435 non

164 1457 343 1494 sufficiunt
367 1458 554 1505 epistulae,
581 1458 723 1505 saepius
748 1458 968 1505 convenitur,
994 1458 1225 1494 consentitur.

767 1565 848 1602 711.

280 1632 415 1668 Eadem
439 1634 596 1668 maxima
621 1633 870 1670 familiaritate
901 1634 1108 1670 coniunctos
1141 1645 1218 1669 esse
1244 1632 1449 1677 Ciceronem

162 1695 200 1727 et
223 1690 376 1727 Brutum
402 1703 495 1727 anno
519 1692 681 1740 proximo
697 1692 944 1740 perspicimus,
971 1704 1187 1740 quamquam
1204 1691 1378 1740 epistulae
1402 1691 1449 1726 ad

161 1750 326 1786 Atticum
338 1762 403 1786 nos
427 1750 607 1797 deficiunt,
632 1762 677 1786 ex
693 1750 858 1799 epistulis
875 1751 920 1787 ad
932 1751 978 1788 D.
992 1751 1143 1788 Brutum
1162 1754 1199 1787 et
1215 1750 1260 1786 ad
1271 1749 1447 1787 Cassium.

162 1819 301 1855 semper
339 1808 433 1843 enim
458 1807 581 1845 Cicero
613 1813 691 1845 toto
725 1809 843 1845 studio
877 1813 914 1846 et
947 1810 1067 1845 animo
1097 1810 1137 1845 in
1169 1821 1243 1845 rem
1268 1809 1318 1844 M.
1347 1809 1448 1845 Bruti

161 1865 365 1902 incumbere
398 1866 542 1903 videtur
574 1866 634 1916 (ad
658 1866 742 1905 fam.
767 1867 858 1905 XII.
883 1868 920 1914 4,
944 1868 980 1904 2.
1012 1868 1046 1915 5,
1074 1866 1124 1916 1),
1163 1871 1271 1914 atque
1302 1867 1336 1902 ei
1371 1871 1450 1902 erat

161 1936 371 1971 persuasum
395 1937 494 1973 spem
519 1938 659 1961 omnem
683 1937 762 1962 esse
786 1925 826 1961 in
850 1925 975 1962 Cassio
1001 1930 1038 1963 et
1061 1927 1100 1962 in
1124 1916 1236 1962 Bruto
1270 1925 1332 1974 (ad
1358 1925 1445 1961 fam.

160 1982 251 2020 XII.
278 1982 313 2029 6,
338 1983 373 2020 2.
400 1983 435 2030 8,
461 1984 514 2030 1),
538 1985 596 2020 cui
621 1983 754 2020 crebris
786 1984 920 2020 litteris
950 1985 1055 2032 quasi
1080 1984 1196 2021 calcar
1221 1983 1448 2029 admovebat,

162 2045 203 2077 ut
227 2041 267 2077 in
291 2041 438 2079 Italiam
463 2042 604 2079 veniret
628 2042 689 2091 (ad
714 2042 800 2080 fam.
825 2043 895 2081 XI.
921 2043 981 2091 25,
1007 2043 1056 2092 1).
