1627 2679
722 173 919 205 ..34-

180 280 268 317 pare
291 281 314 306 a
337 268 474 317 reliquo
505 268 645 307 dicendi
670 281 738 306 usu
763 269 888 317 Bruti3
919 281 1004 309 nam
1028 271 1230 318 praemittit
1261 270 1365 317 (Brut
1396 269 1458 319 2):

184 327 384 376 ηΡωμαῖστί
414 327 475 376 μὲν
505 322 561 365 οὖν
589 325 721 376 ἤσκητο
750 325 832 376 πρὸς
855 325 920 371 τὰς
943 327 1106 373 διθξόὸῦυς
1128 328 1189 367 καὶ
1216 325 1295 372 τοὺς
1330 327 1460 376 ἀγόηας

183 384 306 429 ἱκανῶς
328 383 346 423 ὁ
369 385 525 434 Βροῦτος,
545 383 740 435 Ἑλληνιστὶ
756 386 793 423 δὲ
807 383 872 434 τὴν
887 385 1170 436 &mennam-*ep
1185 386 1246 424 καὶ
1260 385 1459 437 Λακωνικὴν

175 444 379 494 ἐπιτηδεύων
392 445 612 493 βραχυλογίαν
629 446 663 482 ἐν
679 450 756 488 ταῖς
772 446 962 488 ἐπιστολαῖς
978 444 1108 493 ἐνιαχοῦ
1124 445 1324 494 παράσημός
1335 447 1455 484 ἐστιν(

794 689 840 727 V.

290 768 350 805 Ad
375 767 582 804 solvendam
607 769 864 814 quaestionem,
890 780 959 814 quo
975 771 1134 814 tempore
1158 769 1294 814 priores
1319 771 1454 814 septem

172 827 257 863 libri
281 826 508 874 deperierint,
546 825 767 861 adhibendus
800 828 856 862 est
889 825 988 861 locus
1021 825 1226 862 Frontonis.
1266 826 1457 873 scripserat

171 886 223 923 M.
236 884 408 923 Aurelius
424 886 619 933 imperator
636 884 698 934 (ad
715 884 940 922 Antoninum
957 884 1009 921 H.
1027 885 1062 921 4.
1086 884 1140 923 ed.
1158 884 1279 922 Naber
1294 898 1330 933 p.
1352 885 1454 934 107):
1493 877 1496 880 ⁴

175 944 377 992 „Ciceronis
394 944 580 991 epistulas,
597 945 630 979 si
645 944 736 980 forte
753 944 897 989 electas,
922 947 1019 979 totas
1036 943 1096 980 vel
1111 943 1316 979 dimidiatas
1333 944 1455 990 habes,

171 1004 369 1052 impertias,
394 1002 455 1040 vel
478 1014 583 1039 mone
614 1014 702 1050 quas
732 1003 959 1050 potissimum
989 1001 1159 1050 legendas
1188 1002 1277 1038 mihi
1311 1014 1455 1039 censeas

170 1062 217 1098 ad
241 1062 448 1098 facultatem
474 1062 648 1097 sermonis
672 1061 895 1097 fovendam.“
931 1062 1115 1107 rescripsit
1139 1061 1275 1096 Fronto
1300 1060 1454 1096 Domino

171 1120 241 1168 (Π.
266 1120 325 1169 5):
355 1118 553 1166 „Quinctus
578 1118 637 1155 hio
653 1118 729 1155 dies
747 1121 803 1155 est
818 1121 861 1155 ut
886 1122 1067 1167 correptus
1098 1131 1176 1155 sum
1201 1117 1321 1155 dolore
1345 1130 1455 1154 mem-

169 1179 314 1216 brorum
339 1179 510 1223 omnium,
535 1178 724 1225 praecipue
749 1181 867 1213 autem
894 1179 1072 1214 cervicum
1097 1180 1134 1213 et
1158 1178 1357 1224 inguinum.
1381 1189 1454 1212 me-

169 1238 262 1273 mini
286 1248 344 1272 me
370 1237 570 1283 excerpisse
595 1247 640 1271 ex
657 1235 838 1272 Ciceronis
856 1235 1021 1283 epistulis
1038 1247 1081 1271 ea
1100 1235 1298 1281 dumtaxat,
1324 1234 1454 1282 quibus

169 1297 305 1332 inesset
329 1294 453 1342 aliqua
477 1294 520 1330 de
537 1294 742 1342 eloquentia.
766 1295 825 1331 vel
841 1294 1068 1342 philosophia
1092 1294 1151 1330 vel
1175 1294 1218 1330 de
1234 1306 1307 1341 rep.
1333 1293 1454 1341 dispu-

168 1356 282 1391 tatio:
320 1357 507 1401 praeterea
540 1355 572 1389 si
605 1353 691 1401 quid
724 1353 882 1401 eleganti
907 1356 971 1389 aut
995 1353 1105 1389 verbo
1134 1353 1288 1389 notabili
1320 1352 1452 1389 dictum

167 1413 361 1460 videretur,
387 1414 558 1460 excerpsi.
585 1425 676 1460 quae
693 1414 732 1448 in
748 1425 817 1449 usu
833 1425 912 1449 meo
930 1412 975 1448 ad
992 1425 1134 1448 manum
1158 1415 1260 1448 erant
1276 1415 1453 1459 excerpta,

167 1472 251 1507 misi
279 1471 361 1507 tibi.
386 1474 460 1506 tres
490 1471 601 1506 libros
628 1471 721 1506 duos
755 1471 810 1506 ad
829 1472 1002 1512 Brutum,
1029 1483 1138 1506 unum
1165 1469 1210 1505 ad
1234 1469 1370 1506 Axium
1394 1469 1453 1505 de-

167 1530 276 1566 scribi
292 1529 445 1575 iubebis,
468 1530 500 1565 si
517 1528 603 1576 quid
620 1530 672 1565 rei
690 1541 767 1565 esse
784 1529 977 1576 videbitur,
1003 1532 1041 1565 et
1056 1530 1219 1566 remittes
1236 1529 1345 1565 mihi:
1370 1540 1452 1564 nam

166 1588 387 1636 exemplares
418 1600 540 1624 eorum
565 1591 811 1635 excerptorum
836 1588 954 1624 nullos
983 1588 1062 1624 feci.
1096 1599 1218 1624 omnes
1248 1590 1369 1623 autem
1394 1586 1453 1624 Ci-

166 1647 304 1683 ceronis
335 1645 510 1693 epistulas
542 1645 711 1692 legendas
746 1657 872 1682 censeo
902 1657 983 1682 mea
1015 1647 1205 1691 sententia,
1243 1645 1302 1681 vel
1335 1646 1452 1693 magis

166 1716 274 1752 q-uam
299 1715 423 1740 omnes
448 1704 525 1740 eius
551 1704 742 1741 orationes.
769 1703 934 1751 epistulis
960 1702 1141 1740 Ciceronis
1170 1703 1262 1739 nihil
1287 1707 1343 1740 est
1373 1716 1452 1752 per-

163 1763 327 1799 fectius.“
358 1783 403 1789 —
430 1774 517 1798 cave
534 1761 657 1798 credas
673 1762 763 1798 haec
780 1765 948 1809 excerpta
964 1762 1158 1798 Frontonis
1179 1774 1256 1798 esse
1278 1763 1451 1810 epistulas

164 1820 211 1856 ad
235 1820 430 1857 familiares
447 1819 475 1868 ¹)
501 1822 565 1855 aut
590 1821 628 1855 in
654 1821 706 1856 eis
740 1821 923 1856 exstitisse
954 1820 1065 1856 libros
1098 1820 1180 1857 illos
1215 1823 1289 1857 tres
1322 1820 1451 1858 descri-

164 1879 311 1916 bendos.
337 1891 420 1915 nam
445 1891 518 1915 non
542 1881 638 1915 totas
664 1879 838 1926 epistulas
870 1879 1074 1915 exhibuisse
1104 1882 1271 1927 excerpta
1302 1884 1452 1927 apparet

164 1950 209 1974 ex
234 1937 367 1983 verbis,
402 1938 434 1973 si
458 1939 555 1973 recte
580 1948 619 1973 se
652 1936 762 1973 habet
794 1939 879 1984 „ea“
914 1949 1028 1985 neque
1063 1939 1166 1984 „eas“
1205 1938 1450 1985 corrigendum

164 1999 235 2032 est:
266 1996 435 2042 „memini
460 2007 517 2031 me
543 1996 760 2042 excerpsisse
795 2007 840 2030 ex
870 1994 1050 2032 Ciceronis
1085 1996 1251 2043 epistulis
1284 2007 1327 2031 ea
1350 1996 1450 2032 dum-

163 2056 279 2100 taxat,
305 2053 436 2101 quibus
460 2054 597 2090 inesset
621 2053 744 2101 aliqua
767 2053 811 2090 de
836 2053 1041 2102 eloquentia
1065 2054 1125 2091 vel
1142 2054 1367 2103 philosophia
1392 2055 1451 2092 vel

162 2113 206 2149 de
231 2125 306 2160 rep.
332 2112 530 2160 disputatio
543 2115 575 2158 ;“
603 2115 700 2148 certe
717 2114 749 2148 si
766 2115 943 2159 excerpsit
959 2113 1107 2158 Fronto,
1133 2114 1166 2148 si
1191 2112 1277 2160 quid
1293 2114 1450 2160 eleganti

163 2174 228 2207 aut
251 2170 362 2207 verbo
385 2170 539 2207 notabili
563 2170 698 2206 dictum
719 2170 911 2216 videretur,
937 2184 1007 2207 non
1033 2174 1130 2207 totas
1147 2171 1313 2207 exhibere
1330 2174 1450 2219 potest

281 2338 306 2376 ι)
328 2338 421 2375 Quod
441 2338 542 2367 voluit
567 2337 672 2374 Nake3
703 2338 888 2367 refellerant
913 2347 985 2367 eum
1010 2338 1167 2367 Hofmann
1194 2339 1227 2367 in
1255 2339 1448 2377 praefatione

163 2387 369 2426 epistularum
391 2387 578 2416 selectarum
600 2390 631 2416 et
652 2386 768 2417 Gurlitt
786 2387 1003 2417 dissertatione
1026 2388 1064 2417 de
1086 2389 1124 2418 M.
1145 2388 1180 2418 T.
1204 2388 1236 2420 C.
1258 2389 1410 2427 epistulis.
