1627 2679
719 157 912 186 ..17-

776 255 856 292 710.

286 314 530 350 Processimus
555 324 668 360 usque
693 313 738 348 ad
764 325 897 349 annum
926 314 1008 350 710.
1035 312 1187 350 Caesare
1211 317 1337 350 necato
1362 318 1459 361 post·

172 385 279 422 quam
315 372 561 409 interfectores
597 371 720 407 urbem
752 372 983 419 reliquerunt,
1021 371 1143 410 Cicero
1168 385 1288 409 mense
1314 373 1458 420 quidem

169 431 288 479 Aprili
311 431 469 467 incertus
493 430 581 475 fuit,
616 429 678 464 ubi
703 430 836 466 Brutus
861 434 972 476 esset,
1012 432 1142 466 iterum
1179 422 1287 477 ati1ue
1325 432 1457 467 iterum

172 490 216 527 de
251 501 294 526 eo
325 489 492 526 nuntium
525 487 571 524 ab
596 487 716 525 Attico
748 480 874 535 petens
911 488 971 537 (ad
996 491 1071 526 Att.
1097 487 1263 536 XIV.'1,
1288 489 1323 526 2.
1361 490 1396 535 4,
1422 488 1456 526 2.

171 550 205 595 7,
226 550 258 584 1.
284 549 320 594 8,
337 548 372 584 2.
399 547 456 592 10,
476 547 507 581 1.
529 547 586 592 11,
606 547 638 583 1.
660 547 716 592 12,
734 546 790 594 3);
816 547 990 582 Kalendis
1008 548 1111 583 Maiis
1128 553 1249 583 autem
1268 548 1316 583 ab
1332 549 1457 583 Attico

174 606 303 642 certior
325 605 442 641 factus
467 604 528 652 (ad
552 604 632 641 Att.
658 603 765 641 XIV.
785 605 842 650 15,
867 604 907 652 3)
932 616 971 640 se
995 605 1092 640 nullo
1118 604 1196 641 loco
1222 605 1336 641 Bruto
1361 605 1457 641 defu-

172 669 293 700 turum
317 663 492 710 promisit.
518 663 581 709 qui
605 675 685 699 cum
705 662 831 698 deinde
855 663 933 709 ipse
952 663 997 698 ad
1013 663 1164 699 Brutum
1183 663 1221 698 in
1238 664 1456 710 Pompeiano

174 734 208 757 a.
233 722 266 758 d.
292 721 358 758 IV.
383 721 508 757 Nonas
533 720 652 756 Maias
676 721 879 767 scripsisset
902 720 962 769 (ad
986 721 1066 757 Att.
1091 721 1197 758 XIV.
1226 722 1282 768 17,
1306 723 1345 758 4:
1391 722 1456 767 „ad

172 781 324 816 Brutum
340 783 512 823 nostrum,
525 778 567 814 ad
583 777 759 824 Cassium,
772 778 817 813 ad
829 778 1056 814 Dolabellam
1069 779 1260 825 epistulam
1272 780 1455 830 scripsi“)‚

168 838 215 874 ab
241 849 282 874 eo
309 848 479 883 responso
503 835 643 883 perlato
677 837 802 872 statim
818 836 1002 883 rescripsit
1017 837 1055 871 in
1075 836 1272 872 Puteolano
1298 849 1332 872 a.
1356 837 1388 873 d.
1410 836 1456 871 V.

168 897 255 932 Idus
281 896 400 931 Maias
425 895 486 943 (ad
510 895 590 932 Att.
615 894 720 932 XIV.
738 895 798 941 20,
815 896 858 931 4:
888 899 1031 942 „gratas
1056 895 1166 931 fuisse
1192 907 1291 931 meas
1312 895 1457 932 *litteras

166 955 280 990 Bruto
307 958 344 989 et
368 953 493 989 Cassio
518 953 672 1000 gaudem,
697 953 821 999 itaque
845 953 892 987 iis
907 952 1126 999 rescripsi“).
1151 964 1185 988 a.
1203 953 1236 989 d.
1257 953 1341 988 XV.
1368 952 1456 988 Kal.

164 1013 291 1049 lunias
329 1011 538 1049 tabellarius
577 1010 621 1047 ad
655 1009 861 1048 Ciceronem
897 1011 999 1047 venit
1035 1010 1215 1058 perferens
1255 1011 1452 1047 orationem

166 1072 272 1107 Bruti
284 1072 322 1106 in
335 1070 514 1116 Capitolio
527 1068 689 1105 habitam
703 1070 930 1116 eiusdemque
942 1070 1095 1115 litteras,
1107 1070 1237 1116 quibus
1247 1082 1270 1104 a
1278 1068 1458 1115 Cicerone,

163 1133 205 1165 ut
231 1140 310 1164 eam
335 1128 540 1174 corrigeret,
565 1127 697 1174 petivit
722 1127 785 1173 (ad
804 1127 886 1163 Att.
903 1126 988 1162 XV.
1006 1127 1065 1164 1b.
1087 1127 1126 1162 2:
1157 1127 1311 1173 „Brutus
1336 1131 1457 1163 noster

150 1187 262 1223 'misit
287 1186 332 1222 ad
358 1198 414 1222 me
442 1187 639 1222 orationem
677 1197 779 1221 suam
810 1185 971 1222 habitam
995 1186 1034 1221 in
1059 1185 1225 1222 contione
1250 1184 1454 1233 Capitolina

160 1245 363 1291 petivitque
389 1256 412 1279 a
436 1256 506 1288 me,
531 1248 572 1279 ut
591 1255 671 1278 eam
688 1244 765 1278 sine
782 1244 978 1279 ambitione
995 1244 1206 1290 corrigerem
1224 1247 1320 1289 ante,
1346 1255 1451 1289 quam

161 1301 354 1349 ederet.“);
394 1303 455 1348 qui
494 1313 573 1337 cum
606 1301 679 1336 iam
715 1301 821 1349 paulo
852 1304 937 1337 ante
968 1313 999 1338 a.
1026 1301 1059 1337 d.
1085 1301 1179 1337 XVI
1210 1300 1294 1336 Kal.
1326 1301 1450 1336 Iunias

160 1360 352 1407 epistulam
378 1361 483 1396 Bruti
500 1361 697 1407 accepisset
712 1361 885 1407 rogantis,
916 1364 955 1395 ut
979 1360 1050 1395 sibi
1067 1372 1146 1394 eum
1165 1364 1250 1395 ante
1266 1359 1452 1395 Kalendas

159 1419 347 1455 convenire
378 1418 503 1454 liceret
541 1418 602 1465 (ad
627 1418 708 1454 Att.
734 1417 818 1453 XV.
845 1419 864 1454 1
881 1429 915 1464 a,
941 1418 985 1453 5:
1025 1418 1140 1465 „quod
1166 1418 1301 1454 Brutus
1336 1423 1451 1466 rogat,

159 1482 201 1514 ut
227 1481 313 1513 ante
329 1476 527 1523 Kalendas,
553 1477 598 1512 ad
619 1489 676 1513 me
694 1489 833 1524 quoque
851 1478 1006 1524 scripsit,
1033 1481 1071 1513 et
1086 1477 1239 1513 fortasse
1257 1477 1456 1524 faciam.“),

159 1547 222 1583 per
247 1536 407 1572 Atticum
432 1537 562 1572 iterum
588 1536 774 1582 quaerenti
800 1535 863 1582 (ad
880 1536 961 1572 Att.
980 1535 1067 1571 XV.
1085 1537 1121 1581 4,
1146 1536 1188 1581 2)
1217 1547 1282 1583 per
1307 1536 1456 1571 eundem

158 1595 344 1630 nuntiavit
368 1606 406 1630 se
431 1595 470 1629 in
488 1593 690 1630 Tusculano
715 1594 790 1630 fore
807 1606 840 1629 a.
859 1594 892 1631 d.
915 1594 970 1630 VI
987 1594 1072 1631 Kal.
1099 1594 1237 1640 Iunias,
1264 1607 1347 1630 mox
1377 1595 1454 1641 ipse

157 1652 346 1699 epistulam
374 1653 473 1688 misit
498 1653 562 1699 (ad
578 1653 658 1688 Att.
676 1652 761 1689 XV.
779 1654 814 1698 4,
841 1654 863 1689 5
889 1653 928 1700 (4
936 1653 997 1699 b):
1027 1665 1156 1699 „quam
1180 1653 1313 1687 vellem
1335 1653 1447 1688 Bruto

156 1710 313 1747 studium
337 1714 439 1748 tuum
463 1723 597 1747 navare
621 1711 818 1758 potuisses!
844 1723 909 1758 ego
935 1711 1047 1758 igitur
1072 1711 1116 1746 ad
1142 1723 1221 1746 eum
1247 1710 1454 1757 litteras“).

154 1768 364 1804 tabellarius
389 1770 528 1818 aliquot
550 1769 675 1804 diebus
695 1773 781 1805 anet
805 1769 891 1804 Kal.
917 1769 1042 1804 Iunias
1067 1769 1174 1804 rediit
1198 1769 1392 1815 attulitque
1417 1773 1454 1804 et

154 1838 177 1862 a
193 1826 308 1863 Bruto
325 1830 363 1863 et
379 1839 401 1863 a
419 1825 543 1863 Cassio
560 1826 714 1872 litteras,
732 1827 863 1874 quibus
885 1831 964 1863 tum
980 1826 1045 1863 ille
1063 1826 1252 1863 eonsilium
1268 1825 1449 1862 Ciceronis

154 1887 346 1933 quaesivit,
362 1899 442 1922 cum
455 1890 617 1933 uterque,
632 1891 673 1922 ut
683 1886 843 1922 Hirtium
855 1885 1040 1921 meliorem
1051 1886 1223 1932 redderet,
1241 1898 1264 1920 a
1279 1885 1450 1921 Cicerone

154 1945 287 1990 petivit
312 1945 375 1991 (ad
402 1947 478 1981 Att.
505 1943 590 1980 XV.
617 1944 651 1990 5,
678 1946 716 1979 1:
746 1956 790 1989 „a
815 1944 926 1980 Bruto
946 1944 1156 1980 tabellarius
1174 1944 1296 1989 rediit3
1322 1943 1449 1979 attulit

153 2006 191 2039 et
223 2003 269 2038 ab
303 2015 344 2039 eo
380 2008 416 2039 et
448 2002 571 2038 Cassio
605 2003 765 2039 litteras:
808 2002 997 2038 consilium
1027 2014 1145 2038 meum
1180 2014 1308 2050 magno
1344 2013 1449 2049 opere

153 2062 361 2108 exquirunt,
388 2062 522 2097 Brutus
548 2061 701 2107 quidem,
730 2065 847 2097 utrum
865 2061 907 2096 de
925 2062 1116 2108 duobus.“)
1145 2062 1232 2096 haec
1249 2062 1343 2096 enim
1363 2064 1448 2095 ante

101 2153 106 2165 ‚
153 2118 338 2156 Kalendas
364 2120 527 2155 evenisse
553 2120 708 2167 epistula
734 2120 780 2155 ad
805 2120 886 2155 Att.
907 2119 991 2157 XV.
1010 2120 1032 2155 6
1057 2120 1289 2165 demonstrat,
1316 2119 1447 2166 quippe

151 2189 230 2213 cum
256 2191 328 2225 qua
351 2180 424 2214 iam
449 2179 604 2226 epistula
628 2179 674 2214 ab
691 2178 811 2215 Hirtio
837 2177 1017 2214 Ciceronis
1041 2178 1173 2214 litteris
1199 2178 1373 2223 rescripta
1398 2178 1442 2212 ad
1495 2188 1497 2190 ’

151 2235 304 2271 amioum
329 2237 505 2273 mittatur.
544 2236 648 2271 Bruti
679 2235 855 2283 epistulae
881 2236 1023 2283 quidem
1049 2234 1171 2271 Cicero
1196 2247 1268 2270 non
1301 2246 1454 2282 respon-

150 2292 249 2330 disse
288 2294 449 2341 videtur,
495 2307 574 2331 cum
613 2294 690 2342 ipse
728 2293 877 2330 consilio
916 2306 1025 2341 egens
1050 2306 1121 2329 non
1146 2293 1311 2339 haberet,
1352 2294 1446 2340 quod

149 2353 360 2389 rescriberet
385 2353 447 2400 (ad
472 2354 552 2389 Att.
580 2352 664 2388 XV.
692 2354 727 2398 5,
763 2355 806 2388 1:
847 2365 890 2399 „o
915 2364 990 2388 rem
1015 2352 1199 2387 miseram!
1239 2352 1351 2399 plane
1377 2365 1451 2387 non

1323 2420 1342 2449 2
