1627 2679
714 161 911 190 ...18ss

167 258 294 304 habeo,
332 257 425 305 quod
460 257 667 305 scribam“).
706 270 778 305 qua
803 270 841 295 re
866 258 1008 295 consilii
1040 258 1163 305 inopia
1188 261 1295 295 aucta
1318 257 1460 295 litteras

167 317 268 352 misit
283 316 419 352 Brutus
445 316 543 352 omni
568 328 631 363 spe
656 316 852 353 destitutus
869 316 914 352 ad
931 316 1096 353 Atticum
1113 316 1217 364 (XV.
1231 316 1268 362 9,
1280 315 1334 364 2),
1359 320 1457 364 post-

168 387 275 423 quam
313 375 455 412 litteras
480 375 634 412 Antonii
671 376 810 424 accepit
844 375 1091 424 respondentis
1129 375 1174 411 ad
1212 387 1268 421 ea,
1306 387 1398 423 quae
1422 376 1461 412 in

167 434 323 482 epistula
359 434 423 481 (ad
447 434 532 469 fam.
558 434 627 470 XI.
654 435 694 482 2)
732 435 867 471 Brutus
903 438 941 471 et
972 433 1120 470 Cassius
1157 438 1385 482 rogaverant,
1424 438 1462 471 et

167 494 316 530 nuntius
353 493 587 541 pervulgatus
625 497 681 530 est
713 497 879 530 senatum
916 493 991 530 fore
1028 493 1155 541 Nonis,
1191 497 1231 530 ut
1264 493 1398 530 Brutus
1422 493 1462 529 in

167 553 271 599 Asia,
310 552 457 588 Cassius
494 554 532 588 in
565 552 690 588 Sicilia
727 553 945 589 frumentum
983 552 1169 588 emendum
1206 556 1244 588 et
1267 552 1312 588 ad
1337 552 1461 588 urbem

167 611 380 647 mittendum
418 615 585 647 curarent
619 610 680 659 (ad
706 611 785 647 Att.
811 611 896 647 XV.
923 611 958 656 9,
993 610 1043 657 2).
1077 623 1161 646 mox
1197 622 1278 647 oum
1316 611 1359 646 de
1395 611 1463 646 hac

169 668 350 716 legatione
387 669 464 714 ipse
498 667 633 704 Brutus
671 668 716 703 ad
752 667 956 704 Ciceronem
999 668 1202 715 scripsisset
1235 680 1274 704 se
1303 679 1381 704 cum
1420 679 1462 703 eo

169 727 275 762 Antii
313 725 510 762 deliberare
548 726 653 772 velle,
691 726 788 761 laeto
827 726 947 762 animo
985 726 1044 761 hic
1085 738 1123 761 se
1154 737 1234 762 esse
1270 730 1462 762 venturum

168 785 354 832 rescripsit
378 784 438 832 (ad
457 784 537 821 Att.
555 784 636 821 XV.
657 785 715 831 10,
737 786 757 820 1
786 788 823 820 et
847 784 885 820 in
910 784 999 820 fine:
1029 785 1175 829 „statim
1191 785 1463 832 igitur-<mittam

169 843 229 879 vel
254 843 408 879 Antium
433 843 493 878 vel
519 842 731 889 Circeios“).
767 847 1011 879 convenerunt
1042 844 1155 890 igitur
1185 844 1282 879 inter
1306 855 1344 879 se
1369 855 1402 878 a.
1429 844 1461 879 d.

168 902 235 940 VI.
263 901 348 936 Idus
369 901 496 936 Iunius
523 901 583 949 (ad
609 901 689 937 Att.
715 901 800 938 XV.
822 902 878 937 11.
893 901 972 947 12),
998 901 1059 936 sed
1085 913 1157 936 non
1177 901 1238 936 diu
1254 913 1327 937 una
1343 905 1463 947 erant3

169 961 241 996 iam
269 960 363 996 enim
389 959 514 995 Idibus
539 959 658 995 Iuniis
692 960 823 996 iterum
850 958 973 996 Cicero
999 959 1150 996 Brutum
1177 960 1298 996 videre
1323 960 1465 1008 optavit

171 1019 232 1064 (ad
258 1019 338 1054 Att.
366 1018 451 1054 XV.
482 1018 526 1054 16
540 1019 580 1053 b:
622 1022 696 1064 „tu,
733 1030 877 1063 quaeso,
915 1018 971 1053 fac
1003 1018 1125 1063 sciam,
1164 1018 1226 1053 ubi
1251 1018 1402 1053 Brutum
1427 1022 1465 1053 et

170 1089 240 1124 quo
279 1076 336 1112 die
366 1076 489 1111 videre
523 1076 690 1123 possim.“
728 1075 822 1111 idem
859 1075 904 1111 ad
929 1077 1004 1113 Att.
1031 1074 1116 1112 XV.
1143 1076 1202 1123 17,
1228 1075 1278 1124 1).
1316 1088 1397 1112 cum
1421 1087 1464 1112 eo

169 1134 307 1170 scilieet
332 1135 375 1170 de
400 1135 494 1169 ludis
520 1135 812 1170 administrandis
833 1134 990 1180 colloqui
1006 1135 1138 1179 voluit3
1165 1135 1257 1180 quod
1283 1147 1327 1170 ex
1344 1135 1465 1171 verbis

169 1191 371 1239 colligimus
398 1192 460 1239 (ad
475 1194 550 1228 Att.
564 1192 649 1227 XV.
665 1192 725 1236 18,
739 1191 799 1238 2):
830 1192 893 1237 „de
911 1192 1036 1237 Bruto,
1063 1192 1165 1227 cuius
1179 1192 1288 1228 etiam
1301 1192 1465 1228 ludorum

169 1248 342 1297 [suorum]
374 1261 495 1285 curam
523 1248 646 1297 [etiam
677 1248 1037 1297 administrationem]
1078 1250 1239 1296 suspicor
1265 1262 1310 1285 ex
1333 1262 1466 1297 magna

168 1312 271 1355 parte
303 1308 348 1343 ad
373 1312 410 1344 te
435 1310 625 1354 pertinere,
662 1311 703 1342 ut
740 1319 824 1354 ergo
849 1308 888 1341 in
913 1307 1088 1342 eiusmodi
1112 1319 1162 1352 re,
1199 1308 1337 1343 tribues
1361 1307 1465 1343 nobis

168 1366 316 1414 paulum
342 1377 488 1413 operae3
523 1377 588 1401 nec
614 1365 709 1400 enim
734 1364 887 1401 multum
914 1376 1003 1412 opus
1029 1365 1118 1401 est.“
1147 1376 1363 1412 quamquam
1387 1369 1466 1401 tum

170 1425 351 1461 Ciceronis
378 1425 558 1460 sententia
583 1424 695 1459 Bruto
728 1424 848 1459 subito
873 1423 1168 1470 proficiscendum
1195 1428 1274 1460 erat
1298 1423 1357 1471 (ad
1382 1423 1461 1461 Att.

170 1483 254 1518 XV.
281 1482 340 1528 20,
378 1482 429 1529 3),
455 1486 577 1518 tamen
602 1482 634 1517 is
659 1494 731 1517 non
757 1485 841 1517 ante
867 1481 970 1517 ludos
996 1485 1160 1528 peractos
1185 1481 1361 1528 proficisci
1385 1494 1466 1518 con-

170 1543 302 1589 stituit,
329 1554 400 1589 qua
425 1542 469 1578 de
493 1554 602 1578 causa
627 1540 751 1578 Cicero
779 1541 813 1577 ei
837 1541 979 1578 litteras
1005 1541 1106 1577 misit
1132 1541 1193 1589 (ad
1216 1541 1297 1578 Att.
1315 1541 1399 1578 XV.
1418 1542 1465 1579 23

170 1602 208 1636 in
225 1601 314 1636 fine:
345 1613 433 1648 „ego
450 1601 593 1636 litteras
610 1600 694 1635 misi
712 1600 756 1635 ad
774 1600 939 1646 Brutum,
966 1600 1067 1635 ouius
1086 1600 1129 1635 de
1146 1600 1276 1636 itinere
1294 1601 1403 1636 etiam
1422 1613 1466 1636 ex

170 1664 207 1696 te
233 1659 355 1705 velim,
381 1660 412 1694 si
430 1659 515 1706 quid
534 1659 636 1705 scies,
663 1658 941 1706 cognoscere.“);
969 1658 1030 1693 sed
1048 1658 1260 1694 tabellarius
1277 1658 1411 1696 infecta
1427 1671 1467 1695 re

170 1719 276 1755 rediit
293 1730 326 1754 a.
344 1718 376 1755 d.
390 1718 467 1754 VII
484 1718 569 1754 Kal.
588 1717 713 1759 Quint.
731 1717 793 1764 (ad
806 1717 887 1753 Att.
901 1717 986 1753 XV.
1000 1717 1067 1763 24)
1088 1718 1260 1753 nuntians
1274 1717 1378 1753 illum
1391 1715 1474 1754 iam⁸

171 1789 250 1812 esse
275 1777 485 1823 profectum,
512 1777 714 1822 iterumque
740 1776 872 1810 missus
902 1776 941 1810 in
954 1776 1185 1821 Anagninum
1202 1775 1345 1812 rettulit
1361 1776 1468 1812 Bruti

170 1835 324 1879 litteras,
360 1833 492 1881 quibus
526 1834 559 1869 is
584 1832 791 1870 Ciceronem
816 1834 972 1881 rogavit,
998 1837 1040 1870 ut
1073 1833 1175 1869 ludos
1201 1838 1380 1882 spectaret
1405 1835 1467 1882 (ad

171 1894 251 1930 Att.
270 1893 354 1929 XV.
379 1893 439 1937 26,
462 1892 512 1941 1).
531 1904 621 1939 quas
641 1893 783 1939 quidem
802 1892 943 1928 litteras
961 1904 1000 1928 se
1016 1893 1134 1940 ipsum
1150 1894 1380 1940 interpretari
1396 1907 1467 1930 non

170 1964 276 1999 posse
301 1952 483 1988 confessus
509 1951 570 1999 (ad
594 1953 670 1987 Att.
697 1951 781 1987 XV.
807 1950 873 1999 28)
898 1950 1021 1987 Cicero
1046 1951 1090 1987 ad
1117 1952 1282 1988 Atticum
1306 1953 1407 1988 misit
1432 1957 1469 1989 et

170 2010 278 2059 paulo
296 2014 379 2057 post
402 2009 494 2045 alias
520 2009 637 2055 Bruti,
663 2021 753 2056 quas
778 2010 957 2056 accepisse
982 2022 1015 2047 a.
1042 2010 1075 2046 d.
1101 2010 1173 2047 111.
1196 2010 1323 2046 Nonas
1343 2010 1466 2052 Quint.

171 2069 314 2105 videtur
339 2069 400 2114 (ad
425 2069 505 2104 Att.
533 2067 617 2104 XV.
635 2068 696 2113 29,
724 2069 782 2114 1):
812 2068 938 2113 „Bruti
962 2069 1006 2103 ad
1032 2073 1069 2104 te
1095 2069 1286 2115 epistulam
1312 2070 1406 2104 misi.
1432 2070 1469 2104 di

170 2127 271 2163 boni!
312 2129 449 2174 quanta
474 2123 670 2173 ἀμηχανίαὶ
709 2137 912 2173 cognosces,
938 2138 1018 2162 cum
1043 2126 1208 2174 legeris.“
1237 2126 1347 2163 aliam
1373 2128 1468 2163 enim

171 2187 250 2222 dico
277 2186 481 2233 epistulam,
508 2185 594 2232 quia
618 2184 760 2221 litteras
786 2184 869 2220 illas
887 2185 1043 2221 deludis
1068 2186 1272 2233 spectandis
1297 2198 1329 2223 a.
1348 2186 1382 2221 d.
1401 2186 1467 2222 VI.

171 2245 297 2281 Nonas
322 2244 482 2290 miserat,
507 2242 661 2279 Atticus·
680 2243 792 2290 igitur
817 2254 879 2279 eas
904 2243 976 2279 iam
1001 2243 1141 2292 legerat
1166 2244 1303 2293 (confer
1320 2244 1469 2281 eandem

170 2303 342 2350 temporis
379 2302 555 2338 rationem
597 2301 643 2337 ad
668 2301 748 2338 Att.
775 2301 880 2337 XVI.
907 2302 950 2348 4,
980 2303 1013 2338 1.
1052 2303 1199 2339 Atticus
1224 2303 1361 2339 Romae
1391 2307 1470 2339 erat

171 2361 276 2400 XVI.
303 2361 337 2409 2,
364 2360 416 2410 2),
442 2373 522 2397 cum
549 2359 672 2397 Cicero
698 2371 731 2398 a.
757 2359 790 2396 d.
809 2360 870 2396 III
896 2360 1021 2398 Nonas
1046 2361 1220 2399 scriberet
1242 2373 1466 2411 »cognosoes,
