1627 2679
718 159 892 188 —3—

169 258 296 303 „venio
322 258 368 294 ad
392 258 543 295 Brutum
572 262 686 305 tuum,
724 258 833 294 immo
866 260 1044 306 nostrum3
1082 255 1134 291 sic
1167 255 1262 290 enim
1294 254 1446 289 mavis.“

166 316 325 353 nondum
348 317 460 365 igitur
483 316 711 353 familiaritas
740 316 898 352 maxima
926 318 1001 361 est;
1036 313 1098 350 sed
1123 313 1293 358 amicitia,
1331 311 1449 360 qualis

165 375 260 412 inter
283 373 486 412 Ciceronem
511 379 548 412 et
572 375 723 412 Brutum
745 374 963 421 intercessit,
997 386 1069 410 non
1092 372 1154 408 diu
1186 372 1302 418 floret,
1339 371 1448 407 immo

166 433 332 483 proximo-
349 433 432 470 inde
456 445 549 470 anno
575 434 708 470 sensim
732 433 914 470 dissuitur.

765 541 848 578 704.

282 610 360 645 Iam
399 611 494 646 enim
529 614 680 646 exeunte
716 622 810 645 anno
842 609 914 646 Ι704
938 609 1072 645 Brutus
1111 608 1221 644 etiam
1257 608 1296 642 in
1334 607 1449 643 altera

167 665 410 716 negotiatione
426 667 606 705 Ciceronis
631 669 875 705 adiumentum
895 668 1086 714 quaesivit,
1104 678 1320 714 quamquam
1345 677 1448 701 suam

168 737 246 763 esse
270 738 345 763 rem
369 726 501 763 celavit
526 727 589 775 (ad
606 726 686 764 Att.
702 726 749 764 V.
767 726 826 773 21,
846 724 1015 773 10—13).
1057 724 1252 772 Scaptium,
1269 724 1448 760 hominem

168 784 215 821 ab
240 785 336 821 omni
372 785 546 822 modestia
569 789 755 831 remotum,
788 785 832 820 ad
858 783 1064 820 Ciceronem
1093 784 1205 830 misit,
1242 786 1284 819 ut
1307 782 1448 830 culpam

168 835 304 891 negotii
334 844 483 879 infamia
517 844 670 891 quadam
707 844 844 891 aspersi
876 842 1086 879 transferret
1123 842 1162 877 in
1191 845 1447 889 procuratores.

168 914 249 937 cum
285 905 405 938 autem
437 901 550 938 Bruto
583 902 762 938 videretur
802 900 925 937 Cicero
961 901 1098 937 invitus
1135 899 1280 948 Scaptio
1316 911 1450 936 morem

167 971 302 1007 gerere,
338 959 502 996 Atticum
537 960 702 1007 precibus
733 960 830 1006 adiit,
862 963 910 995 'ut
939 958 1144 995 Ciceronem
1180 959 1352 994 excitaret
1389 957 1450 1005 (ad

171 1020 248 1054 Att.
262 1018 329 1064 VI,
346 1019 382 1063 1,
396 1018 449 1065 3),
474 1018 623 1066 ipseque
643 1018 682 1053 in
697 1017 862 1066 epistulis
875 1029 913 1053 se
937 1017 1081 1053 minime
1102 1016 1263 1053 Ciceroni
1286 1016 1452 1064 praebuit

169 1076 334 1123 amicum,
359 1076 421 1112 sed
446 1076 616 1124 quidquid
640 1076 783 1124 petivit,
808 1079 850 1113 ut
875 1075 1026 1112 officium
1050 1075 1210 1112 debitum
1234 1087 1257 1111 a
1282 1074 1451 1112 Cicerone

169 1134 302 1183 petivit
325 1135 367 1182 (1.
392 1135 418 1170 1.
444 1138 466 1180 ἓ
485 1136 519 1181 7,
544 1135 612 1170 VI.
631 1135 665 1181 3,
692 1135 745 1181 7),
774 1135 887 1170 fretus
914 1134 1074 1170 amicitia
1098 1137 1135 1170 et
1160 1133 1294 1169 auxilio
1323 1133 1450 1170 Attici.

169 1193 233 1239 qui
249 1192 532 1229 studiosissimus
549 1193 664 1239 Bruti,
690 1196 732 1229 ut
756 1192 833 1228 eius
849 1192 1005 1238 negotiis
1023 1192 1225 1238 inserviret,
1250 1196 1451 1240 praecepta,

170 1262 263 1298 quae
287 1251 364 1298 ipse
388 1251 431 1287 de
468 1251 654 1298 provincia
686 1251 778 1287 bene
812 1250 1093 1287 administranda
1117 1249 1280 1286 Ciceroni
1309 1250 1453 1287 dederat

172 1308 233 1356 (ad
263 1308 343 1346 Att.
381 1309 448 1346 VI.
474 1311 510 1356 1,
548 1308 603 1356 8),
637 1308 816 1358 neglexit,
855 1308 948 1355 quod
984 1308 1210 1357 reprehendit
1239 1307 1361 1345 Cicero
1397 1309 1454 1345 his

170 1367 291 1404 verbis
321 1366 380 1415 (ad
405 1366 486 1403 Att.
513 1367 579 1403 VI.
605 1366 628 1403 2
642 1393 652 1412 ,
677 1366 731 1414 9):
773 1367 912 1413 „nimis,
949 1367 1069 1413 nimis,
1105 1367 1270 1414 inquam,
1307 1368 1346 1403 in
1382 1369 1453 1404 isto

171 1426 322 1464 Brutum
347 1426 488 1472 amasti,
514 1424 717 1461 dulcissime
741 1424 872 1471 Attice,
896 1436 962 1460 nos
987 1435 1111 1461 vereor
1134 1437 1180 1461 ne
1204 1426 1366 1473 parum.“
1410 1439 1454 1463 ex

171 1484 348 1532 omnibus,
386 1497 475 1532 quos
510 1496 619 1533 supra
641 1483 799 1531 laudavi,
837 1483 925 1521 locis
960 1484 1050 1521 satis
1075 1490 1225 1533 apparet
1249 1485 1454 1523 Ciceronem

171 1544 338 1589 invitum,
355 1547 397 1580 ut
411 1544 537 1580 Attico
550 1543 640 1579 satis
656 1543 799 1589 faceret,
816 1543 965 1590 negotia
980 1542 1084 1579 Bruti
1102 1544 1219 1591 egisse
1233 1544 1454 1592 Brutumque

172 1601 341 1640 Cicerone
364 1614 436 1639 non
460 1602 574 1639 amico
599 1601 660 1638 sed
684 1604 912 1649 procuratore
938 1613 1042 1638 usum
1067 1614 1156 1639 esse.
1182 1606 1291 1650 atque
1315 1605 1455 1653 peregit

172 1660 296 1698 Cicero
323 1661 424 1696 Bruti
455 1672 530 1696 rem
560 1671 681 1696 mense
705 1660 823 1706 Iunio,
862 1660 1056 1707 antequam
1088 1662 1273 1708 provincia
1304 1662 1455 1699 decessit

173 1718 234 1767 (ad
260 1712 341 1755 Att.
367 1718 434 1754 VI.
459 1718 495 1765 3,
519 1718 573 1765 5).
606 1718 691 1765 quid
716 1718 887 1754 miramur
917 1718 956 1753 in
984 1719 1156 1767 proximis
1180 1719 1262 1756 inde
1286 1731 1310 1755 a
1333 1732 1454 1757 mense

173 1778 278 1814 Iunio
296 1777 438 1825 scriptis
459 1776 624 1824 epistulis
645 1775 826 1813 Ciceronis
845 1777 983 1813 nullam
1000 1777 1105 1814 Bruti
1120 1779 1336 1815 mentionem
1352 1779 1454 1815 fieri?

173 1847 300 1882 nempe
324 1835 359 1871 id
386 1835 503 1872 effecit
526 1834 662 1881 Cicero,
697 1835 791 1882 quod
815 1835 973 1872 minatus
998 1839 1055 1872 est
1079 1836 1141 1884 (ad
1157 1836 1236 1874 Att.
1257 1837 1324 1874 VI.
1343 1837 1377 1884 3,
1396 1836 1453 1885 7):

105 1903 108 1908 ·
177 1894 304 1939 „huius
328 1893 516 1930 nebulonis
533 1894 693 1930 oratione
718 1894 750 1930 si
767 1894 900 1930 Brutus
916 1894 1053 1930 moveri
1069 1899 1210 1943 potest‚“
1224 1895 1348 1932 licebit
1373 1908 1451 1932 eum

173 1952 272 1989 solus
296 1964 405 1998 ames,
430 1964 487 1989 me
511 1952 691 1989 aemulum
714 1965 786 1989 non
810 1952 993 1989 habebis.“

773 2060 857 2098 705.

291 2128 483 2164 Probabile
519 2131 576 2165 est
610 2127 894 2164 familiaritatem
922 2127 1101 2165 Ciceronis
1137 2133 1175 2166 et
1211 2130 1327 2177 Bruti,
1361 2143 1454 2178 quae

174 2190 316 2224 tantum
345 2187 570 2236 negotiorum
600 2198 709 2224 causa
737 2187 951 2234 intercessit,
986 2187 1222 2237 interruptam
1251 2189 1362 2227 fuisse
1392 2203 1456 2238 per

174 2249 292 2282 totum
328 2258 461 2282 annum
487 2246 570 2293 705,
610 2258 690 2283 cum
719 2246 853 2283 Brutus
882 2258 962 2282 cum
994 2247 1036 2284 P.
1066 2246 1190 2284 Sextio
1223 2248 1262 2284 in
1291 2247 1456 2286 Ciliciam

175 2303 353 2353 profectus
377 2307 473 2340 esset
490 2303 603 2350 (Plut.
620 2304 722 2341 Brut.
742 2303 793 2351 4).
817 2303 918 2340 nulla
934 2304 1028 2341 enim
1053 2305 1209 2353 vestigia
1229 2306 1268 2342 in
1286 2306 1333 2344 70
1349 2307 1456 2344 huius

176 2362 263 2398 anni
286 2361 451 2410 epistulis
476 2361 521 2398 ad
545 2361 709 2399 Atticum
734 2365 890 2399 exstant.
