1627 2679
712 144 906 175 ..28-

162 243 295 281 Caesar
319 244 495 292 epistulas
525 257 547 281 a
564 244 734 281 Cicerone
759 249 925 292 acceptas
950 245 1087 292 publici
1112 246 1202 281 iuris
1231 245 1328 282 fecit.
1363 256 1458 281 anno

161 304 324 351 proximo
341 303 464 351 Aprili
488 314 611 340 mense
633 306 787 340 exeunte
804 315 926 353 pugna
951 302 1048 352 apud
1064 303 1245 340 Mutinam
1268 303 1459 340 commissa

161 366 200 398 et
223 362 367 399 Hirtius
392 366 431 399 et
454 363 576 399 Pansa
600 362 816 410 ceciderunt,
839 366 1014 404 >autumno
1041 364 1128 399 anni
1155 363 1225 399 712
1252 361 1399 413 Cassius
1419 365 1458 399 et

161 420 296 456 Brutus
313 422 448 456 mortui
460 424 557 458 sunt.
575 422 638 468 qui
655 433 778 457 omnes
795 421 1018 468 temporibus
1034 420 1110 456 illis
1122 420 1458 466 turbulentissimis,

161 489 243 514 cum
267 480 340 526 ipsi
364 479 581 515 exercitibus
598 483 818 526 praeessent,
843 479 1017 526 epistulas
1035 478 1139 515 edere
1160 491 1234 516 nou
1249 481 1457 526 potuerunt.

161 548 181 571 e
205 536 296 583 loco,
322 549 428 584 quem
454 549 563 585 supra
588 537 699 573 attuli
728 537 898 573 discimus
924 537 1090 574 Atticum
1118 537 1157 573 id
1189 536 1383 583 studuisse,
1415 539 1459 572 ut

161 594 345 632 Ciceronis
371 596 548 643 epistulae
573 595 774 642 ederentur,
800 596 970 632 Tironem
986 599 1108 632 autem
1133 608 1206 632 non
1222 595 1357 631 multas
1384 594 1456 631 col-

160 653 306 701 leg-isse,
337 654 510 701 quasdam
536 654 582 690 ab
607 655 733 691 Attico
766 654 956 690 sumendas
981 655 1116 700 fuisse3
1154 657 1250 690 certe
1282 654 1351 689 hae
1383 665 1457 689 non

161 714 248 748 sunt
283 712 461 759 epistulae
491 712 536 748 ad
569 714 688 760 ipsum
713 713 892 758 Atticum,
925 712 988 749 sed
1018 712 1064 749 ad
1093 712 1185 749 alios
1219 713 1254 748 ei
1284 710 1457 760 legendae

161 772 306 806 missae.
336 772 497 806 maxima
521 783 604 818 pars
637 773 711 806 iam
738 771 980 818 recuperanda
1012 774 1091 807 erat
1124 771 1172 807 ab
1206 772 1265 816 iis,
1299 771 1362 817 qui
1395 781 1457 806 eas

161 831 384 875 acceperant.
411 840 500 875 quas
526 828 670 876 quidem
694 829 799 864 facile
824 830 1017 876 impetrare
1042 830 1163 877 potuit
1179 828 1347 874 Atticus3
1372 838 1457 863 nam

161 899 242 923 eum
267 887 379 923 fuisse
408 888 528 923 virum
553 888 600 923 ab
625 889 813 935 utriusque
838 890 953 935 partis
985 887 1191 924 hominibus
1225 887 1456 923 observatum

160 946 394 991 cog-novimus
420 949 458 980 et
481 946 710 981 familiariter
735 958 840 980 usum
866 957 944 981 esse
968 946 1122 993 Nepote,
1148 946 1332 992 Pompeio,
1366 943 1455 980 Cae-

161 1015 252 1049 sare,
278 1001 491 1049 Octaviano,
516 1003 642 1049 Bruto,
669 1003 786 1040 Cassii
802 1004 912 1041 fratre
929 1003 1065 1046 Quinto
1091 1004 1150 1053 (ad
1169 1003 1239 1040 Att
1255 1002 1302 1040 V.
1321 1003 1382 1048 21,
1400 1002 1454 1050 2).

161 1063 296 1106 quibus
321 1064 534 1097 rationibus
552 1063 735 1105 adducor,
762 1070 804 1098 ut
828 1064 952 1099 dicam
969 1065 1132 1099 Atticum
1150 1064 1342 1108 collegisse
1359 1063 1455 1108 epis-

161 1121 264 1154 tulas
289 1120 345 1154 ad
368 1121 457 1155 illos
483 1120 597 1155 datas
623 1128 659 1156 et
683 1121 853 1156 edidisse.

278 1177 446 1214 Alterum
473 1182 726 1225 argumentum
752 1191 797 1215 ex
821 1180 913 1226 ipsis
939 1179 986 1215 ad
1011 1179 1178 1215 Atticum
1202 1178 1368 1226 epistulis
1397 1189 1456 1213 su-

159 1236 303 1269 mimus.
329 1247 409 1270 cum
435 1236 597 1282 epistula
621 1236 727 1272 XIV.
757 1237 801 1271 17
829 1236 952 1272 Cicero
977 1236 1102 1272 Attico
1127 1236 1279 1283 legenda
1308 1237 1457 1270 miserat

159 1293 325 1341 exempla
349 1306 479 1330 earum
504 1294 720 1341 litterarum,
746 1307 836 1343 quas
861 1293 907 1331 ad
934 1295 1096 1338 Brutum,
1129 1293 1176 1330 ad
1195 1293 1379 1339 Cassium,
1410 1290 1457 1329 ad

158 1352 387 1388 Dolabellam
417 1354 609 1400 scripserat
634 1355 671 1402 (ξ
696 1354 753 1401 4);
784 1354 848 1390 sed
875 1354 954 1390 sola
978 1353 1135 1401 epistula
1158 1353 1205 1388 ad
1229 1352 1455 1388 Dolabellam

159 1409 283 1446 addita
307 1414 373 1449 est.
400 1423 471 1458 qua
488 1411 532 1447 de
556 1411 693 1448 causa?
718 1412 859 1448 Nonius
876 1411 1027 1448 tradidit
1043 1413 1200 1448 exstisse
1225 1411 1337 1447 libros
1362 1411 1455 1458 epis-
1522 1412 1526 1418 '

157 1469 316 1505 tularum
341 1469 387 1506 ad
411 1470 565 1507 Brutum
602 1474 639 1507 et
664 1470 710 1507 ad
735 1470 919 1517 Cassium,
935 1472 965 1517 ¹)
995 1471 1108 1507 libros
1138 1470 1376 1518 epistularum
1409 1469 1454 1506 ad

158 1527 387 1564 Dolabellam
412 1529 527 1565 editos
552 1530 663 1565 fuisse
687 1533 813 1566 notum
839 1543 911 1566 non
936 1532 1004 1567 est.
1029 1529 1182 1565 dicimus
1216 1529 1330 1576 igitur
1353 1528 1454 1564 Atti-

159 1598 239 1621 cum
266 1586 408 1622 easdem
426 1587 600 1634 epistulas
625 1588 682 1623 bis
703 1588 871 1623 exhibere
888 1587 1059 1625 noluisse.
1086 1586 1209 1622 eadem
1226 1587 1366 1622 ratione
1382 1598 1455 1621 non

159 1646 328 1692 apposuit
352 1646 545 1693 epistulam
572 1645 753 1683 Ciceronis
779 1646 824 1682 ad
850 1645 1027 1691 Cassium,
1054 1658 1161 1693 quam
1188 1645 1377 1693 legendam
1395 1656 1454 1681 ac-

159 1707 303 1751 ceperat
327 1704 495 1752 (ad.Att.
523 1704 629 1740 XIV.
659 1706 716 1750 19,
738 1705 787 1752 1),
813 1717 930 1752 neque
956 1705 1071 1740 Hirtii
1095 1704 1141 1740 ad
1158 1703 1365 1740 Ciceronem
1390 1702 1455 1751 (ad

158 1763 239 1800 Att.
266 1763 357 1800 XII.
384 1764 444 1808 34,
470 1763 505 1799 3.
530 1764 591 1809 41,
617 1764 669 1810 4).
695 1765 735 1798 in
768 1763 926 1811 epistula
951 1762 1096 1810 quidem
1128 1762 1174 1798 ad
1198 1762 1280 1799 Att.
1306 1761 1391 1798 XV.
1417 1762 1453 1797 6.

158 1822 300 1858 litteras
325 1822 439 1858 Hirtii
463 1822 628 1869 legimus,
655 1822 717 1858 sed
741 1824 780 1858 in
806 1824 887 1870 ipsa
913 1821 1094 1858 Ciceronis
1112 1822 1268 1869 epistula
1294 1823 1453 1866 exstant,

158 1893 231 1915 non
255 1881 375 1927 ipsum
399 1882 512 1927 igitur
533 1881 738 1927 exemplum
757 1880 881 1916 Cicero
898 1882 1040 1917 misisse
1060 1880 1213 1916 videtur.
1237 1880 1343 1915 Bruti
1360 1880 1453 1926 epis-

158 1938 318 1974 tularum
335 1938 454 1974 nullas
472 1940 511 1974 in
529 1939 694 1986 epistulis
720 1938 766 1975 ad
784 1939 950 1976 Atticum
967 1940 1183 1984 invenimus,
1209 1941 1329 1975 tamen
1346 1948 1453 1986 saepe

159 1997 284 2034 Cicero
315 2010 377 2034 eas
402 1999 524 2035 Attico
557 1998 727 2045 legendas
760 1999 861 2035 misit
892 1997 981 2046 (Cic.
1006 1998 1110 2034 Brut.
1136 1999 1171 2044 3,
1208 1999 1263 2034 11.
1299 1997 1344 2034 ad
1369 1997 1451 2033 Att.

157 2057 271 2093 XIII.
297 2057 332 2102 3,
358 2057 394 2093 2.
420 2056 506 2103 XV,
532 2057 592 2092 28.
618 2056 693 2104 29),
724 2068 839 2104 neque
867 2057 978 2092 ullam
1005 2056 1187 2093 Ciceronis
1217 2056 1263 2092 ad
1286 2056 1453 2101 Brutum,

278 2166 304 2200 ¹)
324 2165 427 2203 Negat
456 2165 516 2193 hoc
543 2164 672 2193 Gurlitt:
701 2165 739 2193 de
760 2165 799 2195 M.
821 2165 855 2194 Τ.
882 2165 917 2194 C.
943 2166 1087 2203 epistulis
1113 2175 1143 2203 p.
1169 2165 1197 2201 8,
1222 2165 1313 2194 flocci
1333 2165 1451 2193 faciens

158 2214 254 2242 Nonii
269 2215 496 2248 testimonium,
518 2213 573 2241 sed
595 2213 685 2241 nulla
698 2214 761 2242 alia
776 2213 873 2242 Nonii
889 2222 1030 2242 errorum
1047 2214 1192 2252 exempla
1212 2214 1352 2242 afferens.
1372 2212 1451 2241 mihi

158 2266 263 2291 autem
284 2271 476 2301 magnopere
497 2263 626 2300 probari
648 2262 774 2291 videtur
795 2263 953 2291 exstitisse
974 2264 1073 2292 libros
1088 2262 1294 2301 epistularum
1315 2261 1354 2290 ad
1379 2261 1452 2290 Cas-

158 2312 239 2340 sium
261 2315 292 2340 et
313 2320 329 2340 e
350 2312 420 2341 loeo
448 2320 543 2349 quem
565 2320 660 2350 supra
681 2312 810 2341 laudavi
839 2312 879 2341 ad
900 2312 1050 2346 Atticum,
1078 2315 1107 2340 et
1134 2313 1209 2349 quia
1233 2312 1267 2340 in
1291 2311 1382 2340 libris
1410 2310 1451 2340 ad

158 2360 331 2390 familiares
353 2362 429 2390 satis
451 2369 569 2400 paucae
592 2361 745 2400 epistulae
767 2361 807 2390 ad
830 2361 971 2391 Cassium
993 2365 1128 2392 exstant.
