1627 2679
707 172 902 211 -2'54

113 284 120 292 ‘
166 278 350 328 epistulas,
374 275 437 314 sed
461 275 622 325 singulos·
645 277 751 314 locos.
778 279 819 314 nt
843 277 953 315 libros
986 277 1138 314 describi
1161 277 1201 312 in
1224 270 1444 312 bibliotheca

165 338 389 386 imperatoris
414 336 554 372 iuberet
578 339 615 372 et
639 336 711 372 sibi
734 337 944 383 remitteret,
975 338 1119 384 rogavit
1143 336 1278 372 Fronto
1308 334 1347 370 id
1377 334 1443 370 sei-

165 397 251 437 licet
274 407 398 444 agens,
422 397 464 431 ut
489 397 734 442 excerptorum
759 395 849 442 loco,
875 408 1025 443 quorum
1048 395 1187 431 nullum
1212 393 1311 431 aliud
1327 404 1441 430 exem-

165 455 266 503 plum
290 455 362 501 ipsi
386 456 475 498 erat,
499 455 596 488 totos
620 453 730 489 libros
751 453 909 490 haberet.
934 466 1018 490 nam
1042 456 1209 501 excerpta
1224 465 1297 489 non
1320 452 1444 500 magni

166 512 391 557 aestimabat,
408 511 471 547 sed
487 512 521 547 ei
531 522 739 558 persuasum
756 514 833 548 erat
848 524 968 548 omnes
985 512 1157 560 epistulas
1170 510 1349 548 Ciceronis
1366 521 1444 546 esse

165 570 344 618 legendas.
362 582 433 617 qua
448 569 491 605 de
508 581 626 615 causa,
651 573 688 605 et
704 562 798 617 quod
815 572 877 617 qui
898 565 1028 607 'novem
1044 571 1214 607 librorum
1230 570 1276 606 ad
1291 570 1443 605 Brutum

166 633 204 665 et
227 628 375 665 duorum
401 628 446 664 ad
470 627 603 664 Axium
630 627 850 664 describendi
874 630 959 675 sint,
983 642 1055 665 non
1080 633 1242 666 accurate
1267 628 1444 676 designat,

166 686 228 724 sed
252 689 294 724 ut
318 698 378 723 eos
404 685 555 723 describi
579 686 713 734 iubeat,
742 688 795 735 „si
820 686 905 735 quid
928 689 980 724 rei
1005 700 1083 725 esse
1108 688 1321 735 videbitur,“
1348 688 1443 736 petit

167 746 213 783 ab
236 748 462 795 imperatore,
488 746 579 782 duos
598 752 743 782 tantum
768 742 886 783 libias
908 747 1093 784 Ciceronis
1119 748 1365 795 epistularum
1391 747 1446 783 ad

166 806 218 840 M.
243 806 405 840 Brutum
431 811 508 840 tum
534 805 720 840 exstitisse
742 811 865 840 statuo
892 812 927 840 et
951 818 1011 841 eos
1032 807 1189 852 quidem,
1216 818 1306 852 quos
1328 807 1442 841 etiam

167 876 262 900 nunc
285 863 472 906 habemus,
504 869 674 899 octavum
699 869 736 900 et
759 875 905 907 nonnm,
938 864 1094 912 reliquos
1118 867 1255 913 septem
1286 876 1331 901 ne
1361 876 1441 912 eog-

166 924 310 958 novisse
335 922 476 968 quidem
501 922 730 957 Frontonem.
755 934 869 969 neque
902 925 997 958 enim
1023 924 1214 959 Frontonis
1240 927 1295 959 est
1329 925 1441 959 scien-

167 982 255 1017 tiam
280 992 381 1017 suam
407 979 539 1026 eelare3
572 981 605 1016 si
629 979 714 1028 quid
742 981 855 1032 igitur
888 980 931 1017 de
964 993 1093 1018 novem
1124 981 1226 1018 libris
1260 982 1442 1030 cognitum

166 1039 361 1085 habuisset,
386 1052 458 1075 nou
483 1041 572 1075 satis
589 1039 775 1075 habuisset
798 1041 922 1086 paucis
947 1039 990 1076 de
1007 1040 1143 1076 duobus
1164 1040 1267 1076 libris
1292 1040 1338 1076 ad
1353 1040 1443 1075 Bru-

166 1100 243 1133 tum
268 1097 379 1133 verba
403 1098 529 1134 facere.
555 1098 701 1132 ineunte
725 1098 838 1144 igitur
861 1098 934 1133 iam
966 1098 1107 1134 saeculo
1133 1098 1285 1134 secundo
1314 1097 1443 1145 reliqui

167 1159 303 1203 septem
319 1156 404 1192 libri
421 1155 654 1203 deperierant.
678 1154 871 1192 Suetonius
888 1156 1117 1204 Tranquillus
1134 1158 1349 1193 novissimus
1362 1167 1443 1192 esse

98 1233 100 1236 ·
166 1214 319 1259 videtur,
345 1215 408 1261 qui
424 1214 597 1261 ampliora
614 1214 679 1249 illa
695 1226 842 1261 corpora
858 1213 1037 1251 Ciceronis
1055 1215 1288 1262 epistularum
1304 1215 1443 1262 legerit,

167 1284 186 1309 e
212 1272 340 1320 quibus
370 1272 486 1309 locum
511 1284 555 1308 ex
587 1272 742 1320 epistula
767 1271 947 1310 Ciceronis
972 1272 1017 1309 ad
1042 1272 1244 1310 Cornelium
1268 1273 1444 1320 Nepotem

167 1331 412 1378 depromptum
430 1331 533 1367 affert
549 1331 649 1380 (Div.
667 1331 692 1367 J
692 1332 741 1368 ul.
758 1331 834 1379 55).
860 1333 932 1367 iam
950 1331 1090 1368 Gellius
1107 1332 1246 1367 nullum
1264 1331 1443 1368 Ciceronis

167 1390 400 1438 epistularum
425 1390 570 1427 exhibet
593 1390 721 1438 locum,
747 1391 809 1438 qui
833 1403 905 1427 non
921 1403 1016 1427 nunc
1040 1392 1150 1427 efiam
1174 1390 1323 1440 legatur.
1349 1389 1445 1427 dicat

167 1448 297 1495 aliquis
322 1449 463 1485 obstare
480 1449 563 1483 huic
580 1449 778 1484 sententiae
794 1450 1001 1484 testimonia
1016 1447 1139 1486 Nonii.
1169 1450 1336 1494 minime;
1360 1460 1443 1484 nam

166 1507 327 1543 homines
351 1507 447 1544 docti
477 1508 703 1543 consentiunt
722 1506 750 1556 ¹)
774 1506 933 1543 Nonium
965 1519 1054 1555 opus
1088 1518 1192 1543 suum
1225 1508 1444 1556 congessisse

167 1569 204 1602 et
227 1578 248 1602 e
273 1565 390 1602 Gellio
416 1569 453 1602 et
477 1578 497 1601 e
521 1567 678 1613 priorum
693 1567 1005 1613 grammaticorum
1030 1567 1186 1614 scriptis,
1211 1567 1274 1614 qui
1289 1567 1360 1614 ipsi
1384 1578 1442 1602 ex-

167 1626 372 1672 scripserint
385 1627 545 1660 auctores
562 1625 696 1671 priores
714 1627 755 1660 ut
770 1624 938 1660 Verrium
958 1624 1138 1662 Flaccum.
1156 1626 1273 1672 ipsum
1286 1625 1443 1661 Nonium

165 1682 262 1719 locos
279 1695 298 1719 e
319 1682 550 1730 scriptoribus
575 1681 801 1730 depromptos
818 1689 890 1719 non
907 1682 1092 1731 collegisse
1108 1684 1147 1719 in
1163 1683 1351 1731 propatulo
1368 1685 1442 1728 est3

167 1741 228 1777 sed
252 1753 297 1777 ne
321 1743 350 1777 ii
374 1740 527 1789 quidem,
552 1753 641 1788 quos
666 1742 705 1776 in
730 1753 834 1789 opere
859 1741 1098 1789 componendo
1124 1744 1266 1778 secutus
1291 1744 1357 1787 est,
1382 1752 1442 1777 eos

166 1803 355 1847 coegerant
379 1800 441 1835 sed
464 1802 674 1847 receperunt
697 1801 771 1836 iam
787 1800 953 1837 collectos
978 1800 1025 1836 ab
1050 1801 1254 1837 auctoribus
1270 1800 1355 1846 illis,
1380 1800 1443 1847 qui

166 1859 291 1905 primis
314 1860 568 1906 imperatorum
592 1859 811 1906 temporibus
835 1857 1041 1896 floruerunt.
1066 1860 1223 1895 maxima
1246 1860 1357 1907 igitur
1379 1858 1441 1894 ha-

166 1917 282 1953 benda
307 1920 362 1953 est
378 1918 572 1954 auotoritas
589 1917 758 1963 locorum,
783 1929 872 1965 quos
888 1915 1028 1954 Nonius
1046 1918 1159 1957 affert.
1185 1918 1259 1953 alia
1273 1919 1329 1954 est
1348 1918 1440 1953 ratio

166 1976 352 2021 epistulae,
378 1988 485 2022 quam
508 1975 633 2011 laudat
656 1976 707 2011 M.
732 1972 903 2011 Aurelius
928 1976 990 2024 (ad
1013 1975 1063 2013 M.
1088 1975 1274 2012 Caesarem
1290 1975 1362 2012 111.
1383 1976 1440 2010 14.

166 2032 287 2069 Naber
318 2046 353 2081 p.
386 2032 470 2082 52):
515 2033 691 2081 „epistula
726 2032 905 2070 Ciceronis
938 2033 1085 2070 mirifice
1123 2033 1252 2070 adfecit
1283 2034 1440 2069 animum

166 2104 296 2128 meum.
329 2093 477 2129 miserat
509 2092 643 2129 Brutus
669 2091 830 2129 Ciceroni
858 2093 990 2130 librum
1019 2105 1122 2129 suum
1155 2092 1437 2140 corrigendum;“

166 2162 238 2185 non
263 2151 359 2185 enim
383 2151 433 2187 M.
451 2150 616 2187 Aurelius
640 2150 730 2198 legit
754 2151 945 2197 epistulam
962 2150 1141 2187 Ciceronis
1165 2160 1259 2186 nunc
1281 2150 1440 2197 deperdi-

166 2209 253 2254 tam,
278 2207 341 2244 sed
356 2208 546 2255 epistulam
571 2207 617 2244 ad
632 2207 796 2245 Atticum
820 2208 905 2246 XV.
925 2210 944 2245 1
962 2208 998 2246 b.
1023 2221 1106 2245 nam
1128 2221 1206 2245 cum
1223 2207 1440 2244 Frontonem

166 2266 339 2313 epistulas
365 2266 544 2304 Ciceronis
569 2267 613 2303 ad
638 2268 790 2305 Brutum
818 2271 896 2304 tum
920 2270 1091 2316 temporis
1119 2281 1190 2304 non
1221 2267 1351 2315 legisse
1381 2280 1440 2303 su—

284 2395 306 2434 ²)
328 2395 460 2426 Teuffel:
481 2395 588 2426 Geseh.
612 2396 667 2426 der
685 2399 763 2428 rom.
783 2397 960 2426 Litteratur.
980 2397 998 2434 5
1018 2396 1086 2434 368,
1103 2396 1131 2427 3.
1151 2396 1179 2426 4.
