1627 2679
723 128 919 159 ..25-

178 230 371 276 provectus
394 239 507 262 unum
531 227 710 274 neglegit3
743 231 839 263 recte
868 229 963 263 enim
995 240 1075 264 cum
1101 228 1280 264 Schirmer
1294 228 1323 276 ¹)
1356 239 1465 275 expo-

177 287 312 324 suisset
347 287 520 322 interesse
557 284 695 332 aliquid
730 286 826 322 inter
863 297 1059 323 sermonem
1090 286 1326 334 epistularum
1358 286 1465 322 Bruti

179 349 218 382 et
244 344 440 389 Ciceronis,
477 347 602 380 contra
635 344 770 380 Becher
800 345 911 392 (Phil.
944 345 1057 394 1885)
1091 347 1231 382 monuit
1264 345 1464 393 singularia

177 402 358 452 qmdam
383 403 493 439 etiam
522 403 561 438 in
593 401 774 439 Ciceronis
804 403 971 452 epistulis
1003 405 1169 442 inveniri.
1196 403 1290 452 quod
1320 403 1463 452 quidem

178 464 326 499 minime
350 463 470 508 miror,
496 464 627 509 quippe
644 462 737 509 quod
762 463 899 499 accidat
915 465 954 499 in
971 464 1133 510 qualibet
1156 464 1359 500 litterarum
1380 476 1462 499 con-

179 520 383 566 suetudine;
408 532 492 556 nam
516 524 593 556 tum
619 521 712 557 alter
735 521 884 558 alterius
909 522 1030 558 verbis
1061 534 1148 558 usus
1173 522 1349 567 rescribit,
1381 533 1462 558 cum

177 580 270 616 alter
294 591 333 615 se
365 579 412 615 ad
444 579 593 615 alterius
629 583 782 616 mentem
820 584 857 616 et
891 580 1169 628 intelligentiam
1207 579 1461 626 accommodat,

177 639 291 685 ipsius
316 637 465 673 alterius
490 639 588 673 tritis
612 638 853 674 locutionibus
878 640 1094 675 sententiam
1123 639 1321 675 illustrans.
1346 649 1462 684 neque

176 695 272 744 quod
303 697 342 731 in
377 695 448 732 fine
485 695 761 742 dissertationis,
799 709 904 744 quam
942 697 1063 742 attuli,
1101 697 1238 733 Becher
1273 696 1462 744 profitetur

177 766 300 790 omnes
337 755 403 790 has
437 755 611 802 epistulas
644 756 810 802 spiritum
843 755 1134 792 declamatorium
1167 755 1336 801 redolere,
1372 755 1462 790 mihi

177 812 447 849 admirationem
479 817 612 849 movet.
637 814 725 849 haec
754 814 922 851 videlicet
956 816 994 850 in
1030 826 1197 862 magnam
1227 814 1461 862 epistularum

175 870 357 908 Ciceronis
382 875 521 919 partem
546 872 670 908 valent
694 876 732 908 et
756 885 816 908 eas
842 872 996 920 quidem,
1022 884 1111 920 quas
1129 872 1174 908 ad
1190 873 1352 908 homines
1377 884 1400 907 a
1422 884 1461 908 se

177 930 312 966 alienos
345 932 500 978 scripsit,
534 933 701 978 quoniam
735 930 858 967 Cicero
891 933 930 967 in
959 931 1085 968 Rhodo
1123 932 1243 967 insula
1279 932 1462 967 rhetorum

176 987 316 1024 scholas
348 989 602 1035 frequentavit.
628 992 666 1024 et
689 989 843 1025 Brutum
872 993 950 1025 arte
974 989 1151 1025 rhetorica
1179 989 1357 1025 imbutum
1389 1001 1461 1025 ser-

176 1048 292 1083 monis
317 1059 384 1083 usu
409 1059 432 1082 a
457 1046 628 1084 Cicerone
652 1047 827 1084 distitisse
851 1051 976 1084 notum
1002 1051 1058 1084 est
1084 1047 1146 1096 (ad
1161 1047 1243 1084 Att.
1268 1047 1374 1085 XIV.
1401 1048 1461 1093 20,

175 1106 212 1141 3.
237 1105 321 1141 XV.
351 1108 369 1141 1
384 1106 421 1151 b,
451 1106 485 1142 2.
520 1106 603 1142 Tac.
635 1106 731 1143 Dial.
767 1106 841 1155 18),
875 1106 937 1142 sed
969 1107 1086 1153 qualis
1117 1108 1193 1142 eius
1223 1107 1331 1142 fuerit
1362 1117 1461 1151 usus,

176 1176 247 1199 non
273 1166 517 1211 cognovimus,
546 1166 618 1201 nisi
643 1177 724 1201 eum
748 1166 924 1212 gravitati
948 1164 1089 1200 dicendi
1115 1165 1294 1201 studuisse
1319 1163 1460 1213 (Quint.

175 1221 265 1257 XII.
295 1223 352 1267 10,
381 1222 453 1268 ll).
480 1222 573 1269 quod
597 1236 669 1259 non
694 1227 834 1271 pugnat
858 1226 982 1259 contra
998 1235 1196 1258 sermonem
1212 1223 1460 1270 epistularum,

176 1291 268 1326 quae
292 1280 338 1316 ad
363 1292 429 1316 nos
451 1285 704 1328 pervenerunt.
731 1282 866 1330 (confer
889 1281 1038 1317 Becheri
1062 1281 1362 1328 dissertationes).

291 1337 433 1384 Restat,
458 1342 500 1374 ut
524 1339 567 1374 de
593 1339 771 1386 epistulis,
805 1351 897 1386 quae
927 1341 1158 1375 nominantur
1186 1340 1390 1375 invectivae
1421 1339 1459 1373 in

174 1396 427 1443 Octavianum,
451 1398 483 1435 Ι.
513 1399 557 1434 16
583 1402 621 1433 et
648 1399 691 1433 17
718 1410 905 1445 exponam,
926 1398 1012 1445 quid
1037 1409 1210 1434 censeam.
1237 1400 1459 1445 argumenta,

173 1467 266 1501 quae
282 1456 398 1507 Heine
416 1458 443 1503 ²)
461 1460 498 1492 et
515 1456 655 1492 Gurlitt
667 1459 696 1502 ⁸)
719 1469 780 1492 eas
803 1457 1047 1503 improbantes
1065 1456 1277 1501 attulerunt,
1301 1455 1459 1502 repudio,

174 1525 258 1548 nam
282 1513 359 1559 illa,
390 1525 497 1562 quam
521 1515 722 1550 iHustravit
753 1515 881 1561 Heine,
918 1516 1177 1551 sententiarum
1210 1515 1355 1550 iteratio
1386 1526 1458 1549 non

173 1571 309 1609 indicat
332 1574 509 1610 rhetorem
526 1573 589 1609 sed
604 1576 765 1621 graviter
781 1574 1083 1619 stomachantem3
1108 1574 1213 1609 homo
1230 1575 1325 1610 enim
1343 1575 1457 1608 iratus

173 1642 245 1665 non
271 1632 359 1666 satis
392 1632 503 1666 habet
538 1632 648 1666 semel
672 1631 809 1678 aliquid
834 1632 1034 1678 obiurgare,
1071 1632 1134 1667 sed
1158 1632 1308 1666 mutatis
1338 1630 1457 1666 verbis

173 1688 463 1736 reprehensiones
494 1689 664 1726 cumulat.
699 1692 761 1737 qui
785 1691 898 1738 igitur
922 1689 1107 1726 contendit
1136 1690 1200 1725 has
1232 1688 1405 1737 epistulas
1434 1700 1457 1723 a

172 1747 314 1784 rhetore
339 1748 491 1795 quodam
516 1760 594 1784 esse
620 1750 848 1795 compositas,
873 1748 1002 1784 addere
1026 1748 1133 1784 debet
1148 1748 1296 1783 insulso.
1321 1748 1456 1793 respice

172 1817 234 1841 eas
258 1810 295 1842 et
320 1806 510 1853 epistulam
536 1806 582 1842 ad
607 1806 857 1852 Octavianum,
881 1810 959 1842 toto
985 1807 1083 1843 caelo
1108 1805 1259 1842 distant!
1292 1816 1375 1840 nam
1399 1816 1455 1840 ar-

292 1933 316 1971 ¹)
337 1934 375 1963 K.
395 1934 567 1964 Schirmer:
598 1935 701 1964 Ueber
728 1935 778 1963 die
805 1935 942 1973 Sprache
969 1934 1023 1963 des
1049 1935 1089 1965 M.
1108 1934 1222 1962 Brutus
1252 1934 1285 1961 in
1311 1932 1372 1961 den
1402 1932 1454 1961 bei

173 1981 281 2012 Cicero
303 1982 522 2013 iiberlieferten
544 1984 679 2013 Briefen.
719 1984 863 2013 Jahresb.
886 1984 940 2013 des
962 1984 1123 2021 Lyceums.
1153 1983 1232 2011 Metz
1253 1981 1338 2012 1884.

288 2031 322 2060 L.
344 2031 473 2060 Gurlitt:
503 2032 642 2069 Anzeige
672 2033 751 2061 iiber
779 2032 817 2062 K.
843 2031 1009 2061 Schirmer.
1035 2031 1134 2060 Jahns
1160 2030 1290 2059 Jahrbb.
1317 2029 1392 2059 1884
1425 2039 1454 2067 p.

171 2077 337 2108 855—858.

290 2136 315 2172 2)
341 2138 378 2168 R.
404 2138 517 2167 Heine:
550 2138 775 2175 Quaestionum
807 2139 846 2168 de
871 2139 912 2169 M.
937 2138 1037 2167 Tullii
1068 2138 1224 2167 Ciceronis
1250 2140 1280 2165 et
1305 2137 1343 2165 M.
1365 2136 1456 2165 Bruti

172 2186 315 2223 epistulis
335 2188 453 2216 mutuis
475 2188 577 2225 capita
598 2187 671 2215 duo.
710 2188 834 2225 Lipsiae
856 2186 932 2216 1875
952 2196 983 2225 p.
1002 2186 1041 2216 37
1062 2195 1102 2215 ss.

289 2243 314 2281 ⁸)
335 2245 369 2274 L.
385 2245 514 2274 Gurlitt:
544 2245 731 2283 Philologus
745 2245 854 2284 Suppl.
874 2245 927 2275 IV.
942 2245 1045 2281 (1884)
1064 2255 1094 2283 p.
1108 2244 1165 2273 614
1179 2253 1219 2273 ss.
1241 2248 1344 2273 cetera
1358 2244 1457 2273 dubia

171 2292 310 2322 Gurlittii
335 2293 452 2322 refellit
471 2293 506 2323 E.
529 2293 565 2324 Ο.
586 2293 742 2323 Schmidt:
774 2294 836 2323 Zur
855 2294 961 2323 Kritik
986 2293 1050 2323 und
1069 2293 1247 2330 Erkliirung
1275 2292 1330 2321 der
1350 2292 1456 2321 Briefe

171 2341 296 2371 Ciceros
317 2351 358 2371 an
378 2343 417 2372 M.
438 2342 565 2372 Brutus.
606 2343 715 2372 Jahus.
736 2343 869 2372 Jahrbb.
889 2343 966 2373 1884
987 2352 1016 2381 p.
1038 2341 1203 2371 617—644.
