1627 2679
717 169 910 200 ⁶33-

178 268 251 317 tm',
275 264 440 306 ardentes
465 279 526 304 ore
550 267 719 304 carbones
743 267 885 304 haurire
901 280 973 305 non
989 267 1174 316 dubitasti,
1199 267 1366 304 muliebri
1382 267 1455 314 spi-

177 330 250 366 ritu
274 326 416 366 virilem
440 326 554 374 patris
579 325 716 362 exitum
740 326 893 374 imitata,
923 325 986 363 sed
1009 327 1127 363 nescio
1153 338 1200 362 an
1222 326 1290 363 hoc
1313 325 1454 371 fortius,

178 386 272 436 quod
295 386 358 422 ille
381 385 596 430 usitato,·tu
619 397 713 420 novo
737 396 865 432 genere
894 387 1020 422 mortis
1045 386 1236 433 absumpta
1267 386 1338 421 es.“
1373 397 1453 421 oum

133 455 137 458 ’
177 449 297 483 autem
313 443 469 492 epistula
485 442 550 479 illa
565 442 671 479 Bruti
687 443 878 479 Plutarcho
902 447 1045 491 praesto
1061 456 1133 480 non
1158 446 1252 480 esset
1276 442 1456 493 (ηφέριταί

177 517 231 548 τις
260 501 477 550 §mol-iffi,
516 514 561 538 ex
594 502 730 549 verbis,
771 502 891 549 qualia
922 515 1027 550 quem
1071 506 1214 539 secutus
1246 506 1302 539 est
1333 505 1457 539 auctor

177 560 379 606 exhibebat,
412 559 586 596 conclusit
611 560 800 607 epistulam
825 573 897 596 non
922 561 1030 596 aliam
1061 564 1212 597 mortem
1243 572 1388 597 narrare
1412 571 1454 596 ac

164 619 366 658 'Nicolaum
391 621 428 655 et
453 617 650 665 Valerium,
674 619 760 666 quia
783 619 893 655 etiam
918 631 963 656 ex
979 619 1098 656 verbis
1120 619 1295 667 epistulae
1313 620 1454 655 animus

177 680 324 716 Porciae
348 678 502 725 perspici
530 680 661 724 posset.
694 679 766 713 iam
798 677 1002 715 Theodorus
1035 678 1233 715 Mommsen
1249 678 1278 727 ι)
1312 677 1453 715 demon-

178 737 310 774 stravit
333 737 448 772 vitam
472 736 619 771 Porciae
643 747 666 771 a
689 736 934 783 scriptoribus,
964 736 1088 783 populi
1111 737 1292 784 potentiae
1317 737 1454 781 amicis,

178 807 288 845 prave
313 797 494 831 narratam
519 806 608 841 esse,
642 807 723 832 cum
746 794 860 831 filiam
891 794 1038 832 Catonis
1071 795 1253 832 Uticensis
1285 794 1454 841 dicerent,

179 867 269 903 quae
294 866 393 891 soror
425 856 513 890 erat.
548 857 655 902 atque
679 857 721 890 ut
751 856 791 890 in
823 855 891 891 hac
915 866 953 891 re
986 856 1064 891 veri
1097 854 1233 902 aliquid
1265 855 1453 902 scriptores

178 913 234 949 iffi
258 914 494 958 retinuerunt,
519 913 628 948 etiam
644 913 684 948 in
699 914 825 949 mortis
842 914 1046 949 narratione
1062 926 1133 948 non
1150 924 1294 960 prorsus
1312 924 1335 948 a
1350 912 1455 948 rebus

178 972 365 1008 recessisse
390 970 569 1018 videntur,
594 971 639 1008 ad
663 971 862 1020 augendam
878 972 1015 1009 scilicet
1030 972 1177 1008 Porciae
1200 971 1352 1019 gloriam
1377 983 1456 1008 eam

178 1031 249 1067 sibi
285 1033 437 1078 propter.
461 1031 583 1066 mariti
619 1031 806 1067 interitum
839 1034 989 1068 mortem
1019 1032 1233 1067 conscivisse
1268 1030 1456 1078 fingentes,

178 1089 254 1126 Nos
278 1100 363 1126 vero
388 1088 434 1125 ad
458 1088 726 1137 disceptandam
749 1089 841 1126 hanc
861 1090 1140 1127 controversiam
1165 1101 1210 1126 ex
1227 1088 1382 1137 epistula
1398 1086 1457 1124 ci-

180 1148 316 1184 ceronis
349 1147 586 1184 consolatoria
616 1147 662 1184 ad
685 1148 838 1184 Brutum
871 1148 920 1196 (Ι.
951 1147 1003 1197 9.)
1038 1148 1129 1184 nihil
1160 1147 1351 1194 lucramur,
1386 1147 1458 1183 nisi

179 1205 273 1253 quod
298 1218 317 1242 e
342 1209 465 1243 tenore
489 1206 665 1254 epistulae
691 1208 934 1255 argumentari
957 1207 1045 1244 licet
1069 1207 1112 1243 de
1131 1206 1309 1243 industria
1332 1206 1458 1242 mortis

178 1265 354 1301 rationem
371 1266 515 1302 omnino
531 1278 603 1302 non
620 1267 763 1314 attingi.
790 1267 849 1302 cui
865 1269 1061 1313 auctorum,
1086 1278 1130 1303 ex
1147 1278 1297 1314 quorum
1314 1265 1457 1312 scriptis

178 1323 309 1373 hausit,
345 1324 558 1361 Plutarchus
594 1325 761 1362 notitiam
796 1325 1031 1374 epistularum
1066 1325 1247 1362 Ciceronis
1280 1327 1317 1362 et
1353 1323 1458 1360 Bruti

179 1381 318 1429 debeat,
335 1382 491 1418 nondum
507 1383 633 1431 liquet.
647 1384 676 1431 ²)
702 1396 785 1419 nam
802 1396 847 1420 ne
864 1383 1044 1420 Ciceronis
1066 1384 1207 1431 quidem
1224 1383 1457 1431 epistularum

178 1440 290 1477 libros
323 1440 514 1477 Plutarcho
546 1444 689 1489 praesto
726 1442 836 1478 fuisse
873 1441 976 1479 docet
1005 1454 1070 1479 nos
1104 1442 1204 1479 locus
1235 1441 1342 1492 (Brut
1372 1440 1456 1489 26):

183 1499 317 1548 ηχρόνον
343 1499 402 1547 μὲν
427 1493 483 1537 οὗν
506 1497 606 1537 πολὺν
637 1501 671 1537 ἐν
695 1498 779 1548 τιμῇ
805 1500 862 1538 τὸν
887 1500 995 1538 Γοὶῖον
1018 1495 1092 1550 ἦγε,
1115 1500 1177 1538 καὶ
1200 1497 1246 1538 τὰ
1270 1500 1458 1549 παράσημα

179 1556 243 1606 τῆς
267 1557 375 1607 ἀρχῆς
399 1556 459 1596 οὐκ
484 1557 615 1608 ἀφῄρει,
644 1559 776 1608 καίπερ,
810 1557 857 1603 ὅς
886 1572 995 1609 φασιν,
1027 1558 1136 1598 ἄλλων
1166 1573 1204 1597 τε
1235 1557 1365 1597 πολλῶν
1398 1556 1459 1596 καὶ

180 1618 368 1666 Κικέρωνος
408 1614 474 1655 ἀπὸ
517 1618 643 1667 Ρῶμης
682 1618 877 1668 γραφόντων
924 1618 985 1656 καὶ
1031 1618 1231 1656 κελευόντων
1280 1617 1455 1666 σίναιρεῖνέι

181 1674 326 1722 (Confer
350 1677 395 1713 ad
419 1676 571 1713 Brutum
595 1677 626 1713 Ι.
654 1678 705 1725 3).
723 1677 818 1714 idem
842 1690 927 1715 vero
945 1678 1101 1715 Graecas
1127 1678 1232 1714 Bruti
1256 1689 1347 1725 quae
1370 1677 1459 1713 fere-

179 1733 310 1770 bantur
334 1735 506 1782 epistulas
534 1736 639 1783 (quas
664 1736 774 1772 falsas
799 1747 877 1772 esse
902 1738 1060 1784 constat)
1085 1736 1197 1784 legit3
1223 1748 1371 1784 quarum
1396 1746 1456 1777 ex-

180 1792 281 1831 hibet
307 1794 471 1843 exempla
501 1796 584 1842 tria,
600 1794 628 1844 ⁸)
663 1807 876 1844 quamquam
901 1796 1011 1844 probe
1037 1796 1218 1833 intellexit
1244 1807 1304 1832 eas
1330 1794 1458 1832 discre-

298 1901 321 1940 ¹)
343 1902 472 1933 Hermes
493 1902 559 1933 XV.
580 1913 611 1943 p.
632 1903 704 1934 99-
712 1902 779 1936 102

297 1951 323 1990 ²)
350 1953 386 1982 H.
411 1954 516 1983 Peter:
547 1954 606 1983 Die
634 1954 766 1990 Quellen
795 1955 961 1984 Plutarohs
990 1956 1025 1983 in
1055 1955 1116 1984 den
1143 1954 1371 1993 Biographieen
1403 1953 1458 1981 der

180 1998 302 2029 Romen
343 2001 434 2030 Helle
455 2002 679 2040 1865.p.110.
701 2002 766 2039 118,
787 2003 859 2031 adn.
880 2003 908 2032 3.
930 2002 997 2032 140.

298 2049 332 2082 C.
351 2050 553 2081 Wiehmann:
584 2051 630 2080 De
655 2051 817 2081 Plutarchi
842 2053 876 2081 in
897 2053 968 2081 vitis
989 2052 1079 2082 Bruti
1107 2054 1138 2082 et
1158 2051 1286 2081 Antonii
1307 2050 1456 2081 fontibus.

182 2095 418 2135 Bonnae‚1874
438 2109 468 2137 p.
489 2099 536 2128 23.

297 2145 321 2184 ¹)
344 2147 422 2176 Sunt
437 2148 591 2186 epistulae
612 2148 640 2185 1,
653 2149 701 2186 69,
721 2148 782 2178 25
773 2158 807 2177 m
822 2149 958 2178 editione
973 2149 1211 2184 Westermanni,
1230 2148 1353 2186 Lipsiae
1374 2147 1458 2176 1855.

182 2211 219 2216 —
239 2195 334 2226 Miror
353 2196 571 2227 Drumannum
590 2197 654 2235 (IV.
679 2208 709 2237 p.
729 2197 778 2235 40)
799 2199 958 2237 putavisse
984 2198 1024 2228 ad
1045 2199 1171 2228 Latinas
1191 2196 1281 2226 Bruti
1307 2196 1459 2235 epistulas

181 2245 335 2280 pertinere
357 2246 475 2274 dictum
495 2247 644 2274 Marciani
662 2247 814 2283 (Photius.
835 2257 865 2284 p.
886 2247 972 2276 108a.
993 2247 1058 2283 18):
1094 2246 1162 2283 ,,καὶ
1183 2244 1362 2284 Μαρκιανὸν
1383 2254 1460 2283 φησι

181 2291 234 2321 τὸν
260 2292 412 2334 Κρητικὸν
438 2295 613 2335 συγγραφέα
638 2293 787 2336 ὑπερορᾶν
811 2294 873 2336 μὲν
896 2295 1056 2328 Πλάτωνος
1080 2295 1131 2324 καὶ
1156 2293 1383 2334 Δημοσθένους,
1410 2292 1462 2325 τὰς

182 2340 219 2384 δὲ
246 2343 377 2382 Βροῦτον
407 2344 459 2373 τοῦ
483 2343 601 2374 Ἰταλοῦ
629 2342 784 2378 ἐπιστολὰς
811 2347 984 2385 προκρίνειν
1011 2345 1062 2374 καὶ
1092 2342 1202 2373 κανόνα
1231 2343 1286 2384 τῆς
1316 2342 1350 2373 ἐν
1380 2342 1460 2383 λόγῳ

182 2387 290 2429 ἀρετῆς
310 2390 520 2429 σῗποςιοαίνεινέι

1344 2451 1364 2481 3
