1627 2679
732 148 928 178 -36-

187 244 354 281 mendum
370 246 420 282 sit
444 257 488 282 ex
505 245 624 282 verbis
653 245 809 293 „siquid
832 247 885 282 rei
909 257 988 282 esse
1006 245 1220 293 videbitur,“
1248 247 1311 283 vix
1327 245 1469 283 creden-
1522 280 1525 284 .

188 302 273 339 dum
298 307 354 341 est
378 305 451 340 iam
477 307 584 341 antea
608 304 795 341 Aurelium
822 316 882 340 eas
907 303 1049 352 legisse.

799 510 864 548 VI.

304 587 358 623 Ut
382 599 528 624 munere
551 600 630 624 meo
655 589 858 638 perfungar,
882 600 998 637 pauca
1022 591 1108 626 sunt
1131 588 1221 625 mihi
1244 588 1404 626 addenda
1428 588 1471 626 de

188 646 318 693 specie,
351 659 423 694 qua
450 647 554 684 nobis
579 648 803 684 tradiderunt
834 648 1008 695 epistulas
1039 647 1219 685 Ciceronis
1249 647 1295 684 ad
1318 647 1469 684 Brutum

188 704 328 741 librarii
361 704 469 741 medii
502 706 596 753 quod
628 706 778 743 dicimus
801 708 901 744 aevi,
936 718 1017 742 cum
1049 707 1122 742 iam
1155 707 1355 754 antiquitus
1386 706 1471 742 libri
1524 750 1528 752 .

187 762 423 811 epistularum
447 763 493 800 ad
517 764 695 811 Atticum,
722 764 767 801 ad
786 764 961 806 Quintum
987 765 1145 811 fiatrem,
1170 765 1216 801 ad
1242 764 1292 801 M.
1318 764 1470 801 Brutum

186 823 302 858 iuncti
326 823 411 869 sint,
437 821 481 858 de
506 821 687 859 codicibus
713 822 804 858 nihil
820 822 910 858 mihi
935 825 991 859 est
1007 822 1203 859 dicendum.
1229 834 1320 870 quae
1345 823 1412 859 hac
1431 824 1471 859 in

187 882 290 928 parte
313 883 533 917 tractaturus
559 893 650 927 sum,
682 882 864 929 pertinent
888 880 933 917 ad
958 881 1132 929 epistulas
1157 881 1208 919 H.
1244 881 1277 917 3.
1307 882 1342 917 4.
1369 882 1404 929 5,
1429 884 1470 918 ut
1534 909 1537 911 -

187 939 365 987 prioribus
390 939 610 987 temporibus
636 939 927 988 designabantur.

304 998 430 1035 Iniura
446 998 627 1035 Hofmann
641 1000 671 1047 ἵ)
690 1000 900 1047 suspitionis
918 1001 1138 1035 momentum
1153 998 1236 1035 inde
1252 1000 1358 1046 petit,
1375 998 1469 1046 quod

187 1056 363 1104 epistulae
388 1057 537 1094 alterius
565 1058 782 1107 (antiquitus
807 1058 945 1106 octavi)
970 1058 1055 1095 libri
1079 1061 1221 1095 tantum
1246 1070 1290 1094 ex
1316 1057 1470 1095 editione

189 1115 380 1156 Cratandri
404 1117 508 1154 nobis
539 1118 703 1166 cognitae
737 1118 823 1163 sint,
856 1128 938 1154 cum
970 1119 1048 1165 ipse
1064 1117 1093 1166 ²)
1123 1118 1327 1165 exposuerit
1358 1117 1469 1153 libros

188 1175 424 1223 epistularum
455 1175 500 1212 ad
524 1175 690 1213 Atticum
722 1177 760 1212 in
785 1175 856 1212 fine
888 1176 1048 1224 expletos
1082 1187 1160 1212 esse
1185 1187 1204 1211 e
1230 1175 1348 1213 codice
1381 1175 1469 1212 Ger-

188 1245 293 1270 mano
321 1246 344 1270 a
367 1236 503 1283 Poggio
521 1234 754 1271 Constantiae
778 1237 927 1283 reperto.
956 1247 1027 1271 non
1043 1235 1156 1282 igitur
1172 1235 1343 1271 miramur
1359 1235 1468 1271 etiam

187 1293 361 1340 epistulas
386 1293 432 1329 ad
455 1293 608 1329 Brutum
637 1294 741 1330 nobis
763 1293 940 1341 pleniores
968 1293 1171 1330 exhibuisse
1202 1293 1356 1330 codicem
1381 1292 1470 1330 Ger-

187 1363 343 1390 manum.
369 1363 453 1388 nam
479 1352 598 1389 codice
624 1352 777 1401 quodam
806 1365 911 1389 usum
945 1364 1023 1389 esse
1055 1354 1095 1388 in
1126 1352 1271 1389 edendis
1304 1352 1469 1400 epistulis

187 1410 424 1448 Cratandrum
456 1411 626 1448 discimus
651 1423 671 1448 e
696 1411 781 1449 folio
812 1411 876 1448 illo
908 1413 1138 1460 transposito.
1171 1411 1265 1460 quod
1296 1411 1469 1459 quomodo

187 1469 368 1516 acciderit,
393 1482 568 1518 exponere
594 1473 786 1507 conaturus
811 1482 901 1508 sum.

304 1527 467 1576 Speciem
491 1529 569 1565 folii
599 1530 815 1566 continentis
848 1529 1023 1577 epistulas
1047 1528 1099 1566 ΙΙ.
1126 1529 1161 1564 3.
1194 1529 1219 1564 4
1244 1531 1282 1564 et
1305 1528 1339 1565 5.
1366 1528 1470 1564 facile

186 1588 423 1633 inveniemus,
440 1588 470 1635 ⁸)
502 1588 534 1623 si
559 1589 767 1635 respicimus
791 1588 939 1624 lacunas
964 1590 1105 1624 exstare
1130 1590 1213 1635 post
1242 1587 1354 1624 verba
1381 1586 1470 1634 „hoc

186 1646 303 1694 magis
327 1644 429 1682 doleo
454 1645 603 1682 Asiam“
631 1649 669 1683 et
693 1649 777 1694 post
793 1646 904 1683 verba
931 1647 1009 1694 „sin
1035 1658 1114 1682 eam
1139 1645 1248 1682 semel
1266 1646 1361 1693 cepit
1381 1645 1479 1682 mihi·

186 1704 323 1741 crede.“
342 1704 410 1740 hae
426 1704 575 1741 lacunae
592 1706 687 1741 enim
705 1704 829 1742 eodem
848 1705 926 1742 loco
943 1706 1129 1752 utriusque
1153 1705 1307 1752 paginae
1323 1705 1470 1741 exstite-

185 1764 280 1809 rint,
304 1774 448 1799 necesse
473 1766 540 1800 est.
565 1775 740 1811 ponamus
765 1765 878 1812 igitur
902 1765 1055 1812 primam
1072 1764 1241 1812 paginam
1266 1761 1469 1799 exhibuisse

186 1822 297 1859 verba
312 1821 396 1858 inde
413 1834 436 1858 a
457 1835 549 1859 ‹non
567 1823 650 1859 erit.
668 1823 720 1860 Id.
738 1824 882 1870 April.»
908 1826 944 1859 et
962 1834 1052 1871 quae
1070 1825 1268 1871 sequuntur
1288 1833 1400 1869 usque
1424 1821 1470 1858 ad

191 1882 277 1918 <hoc
301 1882 427 1929 magis
452 1882 558 1919 doleo
583 1883 751 1924 Asiam»,
778 1882 927 1919 alteram
943 1883 1113 1930 paginam
1137 1881 1220 1918 inde
1246 1893 1268 1917 a
1297 1881 1385 1916 «sed
1398 1893 1469 1928 quo

186 1953 254 1977 nos
279 1941 469 1978 amisisse»
499 1952 611 1988 usque
637 1941 683 1976 ad
712 1942 828 1977 «milti
852 1941 977 1977 crede»
987 1957 999 1984 ;
1025 1942 1144 1977 omnia
1159 1941 1249 1977 bene
1270 1951 1308 1976 se
1324 1939 1470 1985 habent,

185 1998 419 2036 dilaceratum
444 2002 501 2036 est
524 1999 650 2037 folium
675 2000 712 2035 in
739 1999 845 2046 calce,
880 2011 951 2048 qua
975 1998 1019 2036 de
1050 2011 1158 2036 causa
1182 2002 1220 2036 et
1243 2001 1327 2047 post
1358 1998 1470 2035 verba

518 2103 526 2119 V

305 2127 328 2164 ¹)
348 2127 384 2156 In
405 2127 599 2166 praefatione
621 2128 710 2166 epist.
732 2127 835 2156 select.
858 2137 887 2166 p.
908 2126 939 2158 4.

303 2176 326 2212 ')
345 2177 518 2206 Hofmann:
538 2176 602 2206 Der
625 2176 776 2205 kritische
796 2176 936 2215 Apparet
961 2185 1000 2204 zu
1021 2175 1144 2205 Ciceros
1165 2175 1289 2204 Briefen
1315 2184 1356 2204 an
1378 2175 1461 2205 Atti-

186 2234 240 2255 cus
261 2236 291 2264 p.
311 2225 360 2255 57.

303 2273 327 2311 ⁸)
346 2274 427 2303 Usus
449 2283 517 2303 sum
538 2274 676 2304 editione
697 2273 825 2310 Baiteri,
845 2275 968 2313 Lipsiae
982 2273 1068 2303 1867.
1088 2273 1308 2312 inscriptiones
1328 2282 1392 2302 non
1406 2281 1469 2302 una

185 2324 349 2353 numeravi
368 2325 400 2352 in
423 2324 565 2363 epistulis
585 2323 735 2361 Brutiuis‚
757 2324 831 2362 quia
853 2323 891 2353 de
911 2324 950 2353 iis
971 2332 1034 2353 non
1056 2323 1131 2352 satis
1152 2325 1282 2359 constat,
1302 2323 1335 2351 in
1357 2322 1468 2352 ceteris

185 2382 315 2403 numero
338 2373 659 2412 comprehenduntur.
