1627 2679
733 155 928 185 -20-

170 265 292 290 mense
316 253 487 289 Ianuario
512 253 616 290 data:
658 253 742 299 „sed
766 258 808 290 tu
833 253 919 301 quid
943 265 1080 302 ageres,
1108 254 1193 301 quid
1218 258 1374 301 acturus,
1399 254 1466 292 ubi
1497 295 1504 301 ⁶

170 313 324 359 denique
349 323 458 358 esses,
483 311 705 347 nesciebam:
739 311 837 347 fama
862 311 1055 348 nuntiabat
1079 315 1117 348 te
1141 312 1214 348 isse
1237 312 1277 348 in
1301 311 1465 360 Syrium

170 375 295 408 auctor
311 374 390 407 erat
401 382 517 407 nemo,
543 370 586 406 de
598 369 725 417 Bruto,
743 382 813 418 quo
826 370 974 419 propius
987 374 1053 418 est,
1071 382 1114 407 eo
1127 370 1284 408 firmiora
1297 371 1466 408 videntur

172 441 251 465 esse
278 440 369 475 quae
395 429 643 465 nuntiantur.“
679 440 725 463 ex
748 428 816 464 hoc
840 428 919 464 loco
944 428 1146 476 colligimus
1171 430 1318 465 nuntios
1343 429 1387 465 de
1411 430 1462 465 M.

168 488 283 525 Bruto
308 487 440 524 allatos
466 498 556 534 esse,
581 486 643 523 sed
668 499 740 522 non
759 486 935 534 epistulas
951 487 1082 534 ipsius;
1108 487 1141 523 si
1166 487 1263 523 enim
1287 479 1465 534 epistulas

169 547 378 594 accepisset,
395 558 468 581 non
484 545 617 581 diceret
634 543 758 580 Cicero
776 556 830 590 ea,
857 546 1195 591 quae'nuntiantur‚
1218 544 1347 580 videri
1360 545 1465 581 firma

169 616 259 642 esse.
285 608 410 641 contra
426 603 518 640 alter
541 602 642 640 locus
666 606 824 640 testatur
848 607 887 640 et
910 604 1090 651 accepisse
1115 615 1138 640 a
1154 604 1206 640 Μ.
1223 604 1337 641 Bruto
1362 608 1401 641 et
1417 603 1463 640 ad

167 675 250 698 eum
260 663 402 697 misisse
413 662 556 697 litteras
564 660 782 707 Ciceronem,
795 665 852 697 est
864 661 960 697 enim
972 662 1011 696 in
1023 662 1179 709 epistula
1198 662 1243 697 ad
1254 662 1300 697 D.
1309 662 1463 698 Brutum

168 732 202 757 a.
229 720 262 757 d.
288 719 383 755 XIV
407 719 490 756 Kal.
518 718 643 761 Quint.
668 718 753 755 data
779 718 838 767 (aa
863 718 949 755 fam.
975 719 1045 756 XI.
1076 719 1136 766 25,
1167 719 1228 767 2):
1258 719 1323 766 „de
1349 719 1471 756 Βωιο,

168 783 290 814 autem
314 778 406 813 nihil
430 778 546 813 adhuc
570 778 677 822 certi3
704 788 810 824 quem
827 789 905 824 ege,
931 789 1037 823 quem
1051 778 1097 813 ad
1114 778 1257 813 modum
1273 779 1463 825 praecipis,

168 837 323 884 privatis
348 836 481 872 litteris
518 835 564 870 ad
602 835 736 870 bellum
761 846 946 870 commune
971 846 1099 871 vocare
1124 848 1196 871 non
1221 835 1363 872 desino:
1400 836 1462 883 qui

169 896 310 932 utinam
344 896 415 930 iam
452 894 632 930 adesset!“
674 905 720 929 ex
751 893 808 929 his
838 894 959 929 verbis
985 895 1231 942 cognoscimus
1256 894 1461 931 Ciceronem

167 953 301 989 crebris
338 953 471 989 litteris
513 954 559 989 M.
585 952 738 989 Brutum
776 952 1006 989 adhortatum
1044 964 1133 999 esse,
1174 957 1216 989 ut
1250 953 1289 989 in
1313 953 1461 989 Italiam

167 1012 310 1048 veniret
333 1010 481 1046 auxilio.
507 1010 558 1046 Μ.
576 1010 712 1046 Brutus
729 1014 850 1046 autem
867 1010 913 1046 ad
930 1022 984 1055 ea,
1010 1022 1102 1057 quae
1120 1010 1244 1047 Cicero
1268 1012 1462 1059 quaesivit,

168 1070 412 1117 rescripserit,
450 1081 595 1105 necesse
620 1072 697 1114 est;
735 1080 819 1104 nam
858 1069 935 1104 eius
965 1081 1175 1116 responsum
1209 1070 1358 1106 maximi
1383 1075 1463 1106 erat

168 1129 343 1164 momenti
368 1128 412 1163 ad
438 1127 524 1163 belli
549 1128 587 1162 in
612 1127 724 1163 Italia
748 1128 843 1174 gesti
869 1131 1050 1163 eventum.

777 1307 850 1342 ΙΙΙ.

283 1382 361 1417 Hac
386 1384 488 1428 parte
514 1380 777 1416 dissertationis
811 1380 978 1417 absoluta
1003 1381 1149 1417 exsistit
1174 1382 1349 1428 quaestio,
1388 1393 1460 1428 qua

166 1441 306 1476 ratione
333 1439 466 1485 singuli
482 1438 566 1473 libri
583 1438 805 1485 singulorum
822 1450 996 1474 annorum
1014 1439 1188 1485 epistulas
1205 1439 1459 1486 continuerint,

168 1502 206 1535 et
231 1498 360 1545 quibus
385 1496 607 1544 temporibus
633 1497 823 1533 tribuenda
841 1497 914 1534 sint
932 1509 985 1544 ea,
1012 1510 1104 1545 quae
1124 1502 1269 1534 exstant
1285 1498 1323 1533 in
1342 1510 1458 1545 gram-

165 1557 376 1592 maticorum
403 1556 548 1601 seriptis
573 1556 786 1601 fragmenta.

281 1613 387 1659 Casu,
415 1613 477 1660 qui
496 1612 601 1648 valde
627 1612 798 1649 dolendus
817 1617 884 1659 est,
902 1613 1043 1660 accidit,
1072 1617 1113 1650 ut
1132 1614 1195 1661 qui
1212 1614 1315 1650 nobis
1331 1614 1457 1650 harum

164 1672 400 1720 epistularum
438 1672 595 1708 frustula
627 1677 861 1709 asservarunt
891 1673 1118 1720 grammatici
1149 1673 1336 1721 perpaucis
1369 1673 1458 1710 locis

160 1732 246 1766 libri
283 1743 470 1765 numerum
516 1731 757 1776 designarent.
796 1732 928 1766 nostris
965 1732 1078 1777 igitur
1110 1732 1311 1766 rationibus
1344 1743 1457 1778 paene

165 1790 286 1825 omnia
312 1788 496 1824 efficienda
522 1793 618 1824 sunt.

279 1848 400 1883 Primo
426 1848 518 1883 libro
544 1847 719 1894 epistulas
744 1848 849 1882 annis
886 1848 957 1884 703
983 1852 1020 1884 et
1047 1849 1118 1885 704
1144 1848 1247 1884 datas
1273 1849 1457 1885 exstitisse

160 1919 227 1942 nos
253 1907 356 1942 docet
379 1906 479 1941 locus
506 1917 528 1940 a
546 1905 672 1941 Servio
697 1905 742 1940 ad
755 1906 847 1943 Aen.
869 1905 977 1942 VIII.
997 1905 1068 1943 395
1093 1906 1280 1943 laudatus:
1310 1905 1456 1952 „Cicero

161 1966 277 2013 primo
306 1964 398 2000 libro
425 1965 468 2000 ad
495 1964 664 2000 Brutum:
695 1965 772 2000 »si
789 1965 978 2013 Pompeius
1004 1978 1076 2001 non
1101 1977 1146 2001 ex
1173 1965 1247 2002 alto
1274 1969 1413 2014 peteret
1429 1966 1456 2013 ¹)

158 2030 197 2061 et
234 2024 360 2059 multis
385 2024 506 2058 verbis
543 2035 599 2057 me
624 2023 697 2057 iam
733 2024 993 2059 hortaretur.«
1031 2036 1123 2071 quae
1158 2025 1300 2070 quidem
1332 2025 1455 2080 verba,

155 2096 238 2121 cum
265 2093 381 2129 neque
407 2093 501 2116 anno
530 2080 599 2118 705
617 2093 681 2116 nec
700 2081 770 2117 706
789 2080 950 2117 Ciceroni
970 2093 1027 2117 res
1047 2094 1129 2118 cum
1147 2082 1317 2129 Pompeio
1333 2081 1454 2129 fuerit,

279 2170 304 2207 ¹)
327 2169 456 2205 Becher,
478 2169 533 2205 qui
555 2170 587 2196 in
610 2169 755 2197 omnibus
772 2169 1046 2197 dissertationibus
1068 2173 1099 2197 et
1113 2170 1283 2198 novissime
1296 2170 1330 2197 in
1345 2169 1454 2198 Philo—

158 2220 236 2257 logo
260 2219 336 2248 1885
358 2228 388 2256 p.
408 2218 464 2246 471
489 2226 527 2246 ss,
551 2216 724 2254 singularia
738 2217 834 2245 verba
854 2217 1012 2254 praeferre
1034 2217 1110 2245 dicit
1132 2218 1317 2255 scriptorem
1338 2218 1455 2255 epistu-

157 2269 261 2297 larum
284 2268 324 2295 ad
338 2268 376 2296 M.
390 2266 532 2301 Brutum,
556 2265 665 2293 eadem
687 2266 780 2294 etiam
802 2265 875 2293 huic
897 2265 967 2294 loco
990 2265 1141 2294 adnotare
1163 2269 1279 2303 potest3
1300 2274 1374 2294 nam
1394 2265 1454 2294 hac

155 2317 316 2345 locutione
339 2314 435 2343 semel
451 2315 551 2342 utitur
566 2313 673 2342 Cicero
697 2313 751 2350 (ad
773 2314 847 2344 fam.
861 2312 915 2342 111.
930 2313 958 2350 5,
973 2314 990 2343 1
1011 2316 1162 2352 repetere)
1185 2317 1321 2342 ceterum
1339 2313 1454 2343 Accius

154 2366 256 2404 (apud
276 2365 415 2394 Nonium
437 2375 466 2403 p.
488 2364 555 2400 237,
576 2363 614 2393 22
636 2365 793 2402 appetere)
817 2367 847 2392 et
862 2363 1022 2401 Vergilius
1040 2364 1129 2400 (Aen.
1145 2362 1228 2393 VIII.
1242 2362 1301 2393 395
1320 2366 1453 2402 petere).
