1627 2679
716 148 910 179 „30-

162 246 272 282 VIII.
302 247 357 285 11.
372 246 431 292 D.,
458 247 481 282 2
499 247 604 283 nobis
629 247 788 294 praebet.
816 259 897 283 cum
924 253 1049 282 autem
1072 259 1141 282 sex
1166 246 1318 282 ultimos
1338 245 1456 281 libres

168 304 359 340 Ciceronis
385 305 441 340 ad
461 318 501 341 se
531 306 781 351 epistularum
809 306 952 341 Atticus
984 305 1185 352 conficeret,
1223 305 1302 340 iam
1320 310 1456 340 *cetera

164 370 325 409 corpora
352 364 558 409 collegerat
582 364 711 410 itaque
736 364 793 399 bis
819 363 972 399 edendis
989 363 1161 410 epistulis
1183 363 1266 398 illis
1291 361 1346 398 ad
1358 362 1456 397 Bru-

164 429 253 464 tum,
281 423 336 458 ad
362 423 544 465 Cassium,
572 424 628 458 ad
648 424 823 459 Hirtium
850 423 906 458 ad
926 424 1093 458 Pansam
1123 435 1164 463 se
1189 421 1382 457 abstinuit.

281 480 333 515 Et
356 480 441 515 Tiro
466 479 621 527 quidem,
647 481 709 527 qui
730 480 904 527 epistulas
923 492 1012 527 quas
1030 479 1182 515 dicimus
1200 478 1246 514 ad
1261 477 1456 514 familiares

165 537 291 583 edidit,
316 539 453 573 vitasse
479 538 634 583 videtur,
659 550 704 573 ne
721 538 778 574 bis
804 537 928 573 eadem
945 537 1102 585 epistula
1118 540 1289 573 exstaret.
1307 547 1457 583 perpau-

165 608 225 631 cas
249 597 363 642 igitur
387 596 537 642 praebet
571 596 746 642 epistulas
772 608 906 640 earum,
943 607 1034 642 quae
1067 596 1167 641 ipsae
1198 596 1272 629 iam
1305 592 1458 640 singulis

165 653 374 701 corporibus
409 653 528 689 editae
561 657 675 699 erant,
709 666 818 689 unam
851 653 897 689 ad
928 652 1115 690 Caesarem
1148 652 1254 699 (VII.
1280 652 1334 699 5.)
1370 651 1458 701 (non

165 712 407 759 respiciendus
434 715 490 748 est
506 712 599 748 liber
624 713 816 759 singularis
835 712 1071 759 epistularum
1088 711 1476 748 commendatitiarum.

165 770 289 815 XIII„
311 772 411 806 cuius
428 770 620 817 peculiaris
641 772 734 806 ratio
752 773 836 817 est),
852 770 881 819 ¹)
907 783 1015 806 unam
1033 771 1078 806 ad
1095 771 1306 817 Pompeium
1322 768 1386 818 (V.
1406 768 1458 816 7),

165 829 302 864 nullam
328 830 372 864 ad
398 829 571 874 Hirtium,
602 829 648 865 ad
672 830 841 875 Pansam,
876 829 922 865 ad
946 829 1112 875 Brutum,
1148 828 1193 865 ad
1226 828 1382 873 Axium3
1413 826 1460 862 ad

166 886 331 923 Cassium
357 888 477 935 plures
512 888 655 937 (XIX.)
682 889 828 936 recepit,
861 900 945 924 nam
979 888 1131 924 fortasse
1163 900 1234 924 uno
1269 890 1307 923 et
1336 885 1459 923 eodem

166 950 326 993 tempore
351 950 389 982 et
413 959 436 981 a
461 947 592 982 Tirone
627 947 863 993 epistularum
890 946 935 982 ad
960 947 1156 982 familiares
1186 949 1225 982 et
1257 945 1303 981 ab
1333 945 1459 981 Attico

168 1004 404 1051 epistularum
431 1004 475 1040 ad
503 1004 667 1040 Cassium
693 1005 777 1040 libri
803 1004 892 1040 editi
917 1008 1013 1042 sunt.
1040 1017 1085 1040 ex
1109 1005 1166 1040 his
1192 1006 1342 1052 apparet
1358 1003 1476 1038 'sirm'

168 1075 251 1098 nem
276 1064 350 1098 iam
376 1063 484 1098 editis
510 1063 585 1098 illis
610 1064 713 1099 libris
739 1065 993 1111 praetermissa
1009 1063 1315 1110 collegisse.‘eum
1340 1065 1459 1097 autem

166 1120 341 1167 epistulas
368 1119 483 1156 Caelii
500 1120 546 1155 ad
563 1119 770 1156 Ciceronem
797 1120 923 1169 (VIII.
953 1121 1016 1168 16)
1034 1124 1071 1156 et
1088 1120 1270 1157 Ciceronis
1287 1119 1333 1155 ad
1349 1118 1458 1154 Dola-

168 1178 301 1213 bellam
328 1179 415 1225 (IX.
446 1179 505 1225 14)
531 1179 709 1224 exhibere,
744 1191 960 1226 quamquam
986 1179 1082 1226 apud
1115 1178 1283 1214 Atticum
1316 1180 1462 1213 exstant

168 1237 234 1283 (X.
262 1237 296 1281 9,
317 1237 364 1272 Α.
383 1240 420 1272 et
436 1237 541 1274 XIV.
564 1237 620 1282 17,
638 1236 715 1284 A.),
742 1250 812 1272 non
831 1239 962 1283 miror;
988 1249 1072 1272 nam
1090 1249 1167 1273 oum
1185 1236 1332 1272 Atticus
1350 1235 1461 1273 libros

167 1294 320 1330 sedecim
347 1293 528 1330 Ciceronis
554 1294 600 1330 ad
624 1296 743 1342 ipsum
768 1295 1005 1342 epistularum
1036 1295 1251 1342 collegisset,
1291 1305 1351 1330 eos
1376 1293 1461 1329 reti-

171 1354 254 1389 nuit
280 1365 395 1400 neque
413 1352 526 1388 edidit
539 1352 661 1401 (Corn.
682 1353 774 1401 Nep.
792 1354 872 1390 Att.
890 1355 946 1401 16,
964 1354 1017 1401 3).
1043 1354 1127 1390 Tiro
1147 1354 1261 1401 igitur
1279 1365 1352 1389 non
1368 1364 1461 1388 com-

167 1415 309 1458 pertum
334 1412 463 1447 habuit
488 1413 598 1447 etiam
633 1413 672 1447 in
697 1413 754 1448 his
788 1416 930 1448 exstare
964 1413 1138 1460 epistulas
1173 1412 1255 1448 illas
1281 1410 1396 1447 Caelii
1425 1414 1462 1446 et

168 1470 214 1505 ad
231 1470 470 1506 Dolabellam.
497 1483 573 1516 qua
591 1471 637 1505 de
653 1483 768 1506 causa
785 1472 988 1507 statuimus
1006 1484 1087 1507 eum
1106 1477 1194 1507 ante
1210 1471 1328 1506 Attici
1343 1466 1479 1505 libros'

167 1528 325 1564 sedecim
351 1529 470 1564 editos
494 1529 564 1564 sed
579 1536 668 1574 post
692 1530 811 1565 editos
845 1531 964 1565 libros
989 1531 1240 1575 epistularum
1274 1529 1329 1564 ad
1355 1529 1462 1563 Pom-

166 1587 304 1630 peium,
332 1587 387 1622 ad
406 1587 607 1623 Caesarem
634 1594 670 1623 et
695 1588 750 1623 ad
766 1595 905 1624 ceteros
923 1589 1072 1634 publici
1096 1588 1195 1624 iuris
1209 1588 1351 1633 secisse
1370 1587 1462 1632 epis-

169 1647 339 1681 tularum
365 1646 483 1681 libros
509 1646 565 1681 ad
576 1647 817 1691 familiares.
1171 1648 1174 1651 ⁴

286 1704 450 1739 Atticum
471 1705 585 1740 statui
602 1704 756 1740 edidisse
773 1705 885 1741 libros
902 1717 1031 1741 novem
1050 1705 1094 1740 ad
1112 1705 1162 1741 M.
1179 1704 1344 1740 Brutum.
1370 1702 1464 1750 quod

169 1764 202 1797 si
227 1763 449 1808 respicimus,
475 1762 580 1798 facile
597 1762 842 1810 intellegimus
861 1765 1037 1799 rationem
1054 1762 1291 1811 epistularum
1311 1761 1358 1798 ad
1374 1761 1463 1798 Bru-

169 1825 248 1857 tum
273 1821 305 1857 I.
335 1821 379 1856 16
406 1824 443 1856 et
471 1821 537 1866 173
563 1833 646 1856 nam
664 1821 757 1856 nihil
781 1822 1012 1869 impediebat,
1038 1823 1125 1869 quin
1143 1821 1302 1867 Atticus,
1328 1822 1464 1856 amicus

170 1879 376 1924 Octaviani,
408 1879 518 1914 etiam
544 1879 610 1914 has
636 1879 767 1917 ederet.
794 1884 956 1916 attamen
982 1892 1062 1916 cum
1092 1880 1300 1925 haesitaret,
1334 1891 1395 1915 eas
1425 1880 1464 1914 in

169 1939 240 1974 fine
266 1937 405 1973 addidit
429 1941 585 1984 tantum,
613 1942 654 1974 ut
670 1942 788 1975 totum
814 1940 947 1975 librum
968 1940 1168 1976 conficeret.
1186 1940 1214 1986 ²)
1239 1951 1355 1985 neque
1372 1939 1464 1985 epis-

169 1996 285 2032 tulam
310 1996 418 2031 Bruti
443 1996 490 2031 ad
515 1996 681 2032 Atticum
707 1999 864 2034 inveniri
889 1999 1073 2044 miramur,
1106 2009 1186 2034 cum
1212 2008 1319 2045 saepe
1351 1997 1383 2032 is
1408 1995 1464 2032 Gi-

171 2055 292 2090 ceroni
316 2054 423 2089 Bruti
456 2054 613 2101 litteras,
641 2068 731 2103 quas
756 2058 907 2104 accepit,
933 2056 1104 2104 legendas
1131 2057 1271 2092 miserit
1296 2055 1359 2104 (ad
1382 2055 1464 2091 Att.

170 2113 238 2149 VI.
266 2114 300 2157 1,
325 2112 359 2148 2.
389 2112 423 2148 7.
449 2113 540 2148 XII.
567 2114 627 2159 21,
655 2117 689 2151 1.
716 2115 776 2160 37,
806 2116 836 2152 1.
863 2114 969 2152 XIV.
998 2115 1057 2160 19,
1084 2116 1116 2149 1.
1141 2113 1226 2153 xv.
1252 2114 1288 2159 9,
1313 2114 1366 2161 2).

292 2210 314 2246 ¹)
337 2209 468 2239 Gurlitt:
501 2210 540 2239 de
561 2211 599 2239 M.
622 2211 658 2242 T.
680 2212 713 2242 C.
734 2213 877 2250 epistulis
899 2223 929 2250 p.
951 2213 989 2242 14
1010 2221 1050 2242 ss.

289 2257 313 2294 ἵ)
335 2258 438 2287 Simili
452 2259 575 2287 ratione
596 2261 630 2287 in
650 2260 732 2289 libro
748 2261 831 2292 XVI.
846 2261 969 2290 Atticus
985 2261 1135 2299 epistulas
1152 2260 1310 2289 Ciceronis
1325 2259 1366 2288 ad
1385 2259 1465 2287 alios

172 2308 338 2344 congessit,
368 2310 403 2336 ut
424 2316 524 2345 nsque
547 2308 588 2337 ad
608 2309 793 2338 umbilicum
815 2310 1009 2348 procederet.
1038 2310 1144 2339 confer
1164 2309 1276 2338 modos
1302 2308 1465 2344 librorum,

172 2364 252 2393 quos
273 2356 404 2386 exhibet
426 2356 512 2387 Birt:
542 2358 607 2387 Das
629 2359 735 2388 antike
757 2359 954 2388 Buchwesen
975 2369 1005 2398 p.
1026 2359 1083 2389 326
1105 2368 1128 2389 s,
